2738 4600
1043 292 1482 368 POLITIA
1536 296 1621 370 X.
2279 303 2364 391 87

272 469 472 538 nobis
520 467 741 559 patuit
778 466 1078 563 animum
1121 467 1395 533 habere.
1480 458 1973 538 Minime'vero
2010 460 2367 542 eonsenta-

278 597 485 641 neum
523 574 627 639 est.
683 573 915 657 Itaque
941 569 1400 636 immortalem
1432 573 1701 658 quidem
1738 580 1863 642 ess'e
1894 575 2248 654 animum,
2297 587 2368 643 et

274 678 466 766 prior
493 674 709 741 oratio
744 686 813 738 et
838 662 1141 760 reliquae
1168 673 1616 754 convincem,-
1642 677 1750 742 sed
1787 677 1836 744 fi
1880 680 2145 764 quaeris
2190 701 2365 766 qua-

271 780 355 846 lis
385 781 458 843 fit
483 799 746 859 revera,
764 799 902 842 non
930 775 1383 865 depravatum
1419 798 1573 842 eum
1608 784 1879 866 oportet
1902 781 2183 868 spectari
2206 804 2362 849 cor-

273 881 460 975 poris
484 880 971 947 communitate
1002 876 1283 964 aliisque
1322 877 1558 955 malis,
1600 892 1680 947 u‘t
1711 888 1897 947 hunc
1925 905 2077 949 eum
2109 886 2366 974 specta...

273 1008 451 1066 mus,
494 984 604 1049 sed
634 985 906 1069 qualem
939 982 1010 1047 se
1050 980 1325 1048 exhibet
1360 1005 1573 1070 purus
1603 985 1652 1051 fi
1681 986 1788 1063 est,
1840 987 2042 1052 talem
2075 986 2229 1052 satis
2257 1009 2369 1053 ra·-

275 1089 464 1153 tione
507 1078 945 1177 confide-rari,
993 1098 1059 1152 et
1087 1087 1304 1152 multo
1344 1109 1500 1152 eum
1550 1088 2006 1175 pulchriorem
2058 1087 2366 1155 invenies

278 1190 649 1277 clariusque
676 1190 949 1256 iustitias
966 1203 1034 1257 et
1059 1189 1403 1256 iniustitias
1424 1190 1782 1277 perspicies
1801 1191 2166 1279 omniaque
2193 1211 2369 1277 quae

274 1294 479 1361 modo
514 1294 900 1381 persequuti
932 1296 1185 1359 fumus.
1249 1315 1432 1358 nune
1474 1305 1699 1360 autem
1743 1294 2042 1360 diximus
2088 1293 2369 1381 quidem

273 1418 469 1476 vera,
513 1394 721 1483 qualis
751 1398 821 1462 in
853 1384 1233 1486 praesentia
1265 1397 1608 1476 videatur,
1649 1396 2096 1487 speetavimus
2135 1407 2368 1462 tamen

278 1523 436 1566 eum
483 1501 688 1566 instar
734 1499 976 1565 Glauci
1025 1498 1273 1571 marini
1310 1499 1663 1581 affectum,
1710 1522 1912 1588 quem
1957 1497 2079 1586 qui
2125 1497 2366 1564 vident

259 1605 419 1668 'iam
465 1623 605 1665 non
638 1599 834 1667 facile
855 1602 1250 1689 spectabunt
1289 1603 1584 1689 priorem
1618 1603 1760 1668 eius
1799 1613 2152 1684 naturam,
2196 1622 2371 1692 pro-

280 1720 513 1790 pterea
540 1702 719 1790 quod
738 1701 1011 1791 pristina
1032 1706 1326 1793 corporis
1346 1704 1649 1770 membra
1671 1706 1910 1791 partim
1947 1701 2180 1789 fracta,
2202 1724 2371 1791 par-

284 1807 404 1871 tim
437 1808 720 1871 contrita
748 1806 1072 1890 omnique
1107 1808 1310 1871 modo
1349 1817 1665 1894 corrupta
1694 1806 1846 1870 funt
1873 1805 2211 1886 fluctibus,
2239 1802 2371 1871 alia
2444 1847 2449 1851 -

279 1920 947 1987 vero-accreverunt,
988 1908 1239 1973 ostreae
1274 1920 1341 1972 et
1373 1908 1559 1993 algae
1597 1919 1666 1970 et
1706 1907 1900 1985 saxa,
1941 1919 2017 1974 ut
2043 1908 2366 1996 cuiusque

281 2009 496 2097 magis
536 2011 797 2081 belluae
830 2010 1060 2075 similis
1083 2011 1163 2073 fit
1195 2030 1397 2095 quam
1445 2010 1657 2093 qualis
1699 2009 1909 2074 fuerit
1953 2023 2212 2077 natura.
2275 2009 2371 2074 ita

280 2114 492 2180 etiam
533 2112 841 2176 animum
877 2135 997 2176 nos
1050 2104 1351 2178 videmus
1391 2111 1999 2178 innumerabilibus
2030 2112 2224 2178 malis
2258 2109 2370 2175 af·
2415 2172 2426 2189 J

283 2215 569 2284 fectum.
613 2224 874 2300 oportet
907 2235 1091 2294 vero,
1141 2215 1417 2293 Glauco,
1464 2216 1599 2280 huc
1635 2215 1937 2306 spectari.
1997 2215 2369 2306 Quonam?

279 2319 526 2403 inquit.
615 2315 718 2383 Ad
765 2315 909 2380 eius
945 2317 1471 2404 philosophiam,
1518 2330 1583 2383 et
1611 2318 2015 2386 considerari
2051 2339 2227 2403 quae
2260 2325 2369 2380 at-

282 2426 498 2509 tingat
524 2420 890 2505 qualesque
922 2431 1195 2507 appetat
1225 2421 1783 2503 consuetudines,
1838 2420 2094 2506 quippe
2115 2418 2231 2506 qui
2260 2439 2370 2481 co·

282 2536 527 2611 gnatus
557 2524 634 2587 fit
660 2520 887 2587 divino
910 2533 978 2586 et
997 2521 1366 2588 immortali
1396 2536 1464 2587 et
1490 2519 2234 2611 sempiterno‚etqualis
2265 2517 2388 2583 fu-.

276 2641 472 2694 turus
502 2626 582 2690 fit
604 2626 735 2694 hoc
763 2623 1042 2711 quisque
1082 2614 1362 2709 sequens
1406 2636 1473 2693 et
1510 2625 1633 2690 hac
1682 2625 2113 2689 contentione
2154 2623 2370 2687 elatus

284 2755 325 2796 e
350 2727 566 2806 mari,
609 2726 852 2810 inquo
886 2749 1072 2791 *nunc
1101 2727 1223 2806 est,
1269 2728 1556 2791 excussis
1586 2727 1759 2791 faxis
1791 2738 1861 2789 et
1896 2724 2149 2797 ostreiS,
2196 2743 2371 2809 quae

281 2855 468 2902 nunc
505 2829 602 2911 ei,
653 2831 904 2918 quippe
951 2830 1069 2914 qui
1102 2841 1288 2894 'terra
1330 2831 1677 2917 pascatur,
1721 2842 1995 2897 ‘terrena
2031 2838 2100 2891 et
2138 2823 2371 2892 saxosa

282 2936 494 3003 multa
535 2943 613 2997 et.
645 2930 790 2997 fera
822 2944 1261 2998 accreverunt
1294 2956 1418 3019 per
1446 2936 1645 3017 epula
1665 2932 1796 3020 'illa
1839 2954 2008 3018 quae
2049 2929 2368 2993 dicuntur

178 3083 186 3091 ·
283 3032 497 3104 beata.
544 3047 612 3099 et
638 3047 785 3099 tum
825 3033 972 3119 quis
1014 3031 1256 3100 viderit
1294 3057 1529 3100 veram
1564 3036 1706 3099 eius
1739 3044 2086 3110 naturam,
2133 3027 2366 3093 multi-

281 3139 613 3207 formisne
639 3160 728 3202 an
756 3136 1143 3202 uniusmodi
1182 3139 1261 3201 fit
1296 3161 1385 3202 an
1426 3160 1721 3222 quonam
1763 3136 1967 3203 modo
2002 3134 2080 3196 se*
2104 3130 2370 3196 habeat.

281 3245 478 3311 Nunc
508 3262 672 3304 vero
702 3241 891 3305 casus
925 3240 1068 3304 eius
1098 3239 1170 3302 in
1210 3238 1506 3304 humana
1545 3241 1684 3308 vita
1724 3247 1788 3305 et
1818 3236 2102 3326 speeiem
2144 3244 2223 3298 ut
2255 3253 2370 3298 ar-

281 3346 537 3424 bitror,
584 3342 731 3408 satis
761 3340 1206 3429 exposuimus,
1295 3342 1471 3409 Sane
1514 3343 1825 3431 quidem,
1871 3339 2110 3428 inquit.

459 3546 700 3615 Nonne
737 3545 974 3634 igitur,
1017 3546 1329 3633 inquam,
1374 3553 1595 3614 cetera
1632 3545 2052 3613 detraximus
2090 3539 2160 3605 in
2205 3553 2368 3604 ora-

283 3651 469 3719 tione
499 3652 749 3728 nostra,
797 3671 1018 3736 neque
1044 3650 1381 3715 mercedes
1410 3673 1629 3737 neque
1655 3650 1907 3716 famam
1955 3643 2233 3711 iustitiae
2262 3639 2370 3706 af-

280 3753 622 3831 ferenteS,
684 3752 1257 3839 quemadmodum
1303 3753 1663 3819 Hefiodum
1726 3761 1794 3812 et
1834 3749 2207 3813 Homerum
2245 3767 2367 3810 vos

286 3856 899 3939 dicebatis'afferre,
919 3856 1027 3921 sed
1058 3856 1264 3943 ipsam
1294 3853 1606 3919 iustitiam
1637 3852 1757 3934 ipfi
1786 3849 2011 3932 animo
2043 3850 2367 3936 optimam

289 3961 416 4025 effe
460 3960 893 4047 invenimus,
954 3971 1022 4024 et
1060 3941 1364 4026 facienda
1411 3956 1478 4022 ei
1520 3954 1644 4019 effe
1687 3952 1892 4027 iusta,
1951 3951 2369 4018 five'habeat
