2738 4600
1033 314 1477 383 ΡοωΤΙΑ
1539 314 1625 380 x.
2260 315 2339 402 75

275 490 458 577 apud
503 486 1190 565 multitudinem'‚'sed
1238 486 1308 551 in
1354 487 1668 573 querulos
1711 497 1778 552 et
1815 487 2036 554 varios
2092 508 2346 569 mores‚·

279 595 437 679 quia
463 592 688 658 faciles
718 590 870 653 sunt
899 587 981 652 ad
1014 590 1441 654 imitandum.
1525 589 1710 659 Patet
1736 612 1920 655 vero.
1976 593 2182 667 Recte
2212 591 2343 676 igi-

277 706 386 761 tur
412 717 565 759 eum
592 696 728 757 iam
754 691 1329 778 reprehendemus
1362 702 1431 776 et
1457 715 1541 756 ex
1567 694 1774 757 altera
1802 706 1989 778 parte
2018 716 2340 780 ponemus

271 798 505 887 pictori
536 794 978 883 respondere3
1025 817 1182 861 nam
1213 792 1281 858 in
1310 818 1391 858 eo
1422 794 1603 881 quod
1636 794 1793 858 vilia
1822 793 2014 878 fingit
2040 795 2125 863 ad
2156 795 2341 860 veri-

273 915 479 967 tatem
516 898 736 962 fimitis
764 899 851 961 est
881 896 1093 976 illius,
1142 908 1208 959 et
1237 897 1415 982 quod
1463 897 1874 962 consuetudo
1916 898 2041 985 ipfi
2073 901 2159 963 est
2184 922 2342 962 cum

270 1007 488 1072 animi
515 1013 702 1091 parte
735 998 1040 1064 simililer
1063 998 1321 1078 affecta,
1358 1011 1424 1062 et
1455 1022 1593 1064 non
1624 1025 1779 1065 oum
1816 1000 2099 1088 optima,
2145 1002 2344 1065 etiam
2382 1011 2388 1016 '

190 1148 203 1165 ·
269 1112 349 1176 in
387 1111 513 1173 hoc
544 1106 685 1170 eius
717 1101 942 1167 fimitis
966 1104 1086 1180 est3
1131 1113 1196 1165 et
1228 1102 1354 1165 hac
1398 1101 1672 1185 quidem
1715 1104 1974 1167 ratione
2012 1103 2163 1168 iure
2208 1102 2344 1168 iam

273 1236 409 1279 non
438 1208 839 1296 recipiemus
867 1228 1023 1269 eum
1058 1203 1323 1270 civitate
1352 1226 1524 1288 quae
1553 1203 1785 1269 {utura
1804 1206 1881 1270 fit
1911 1205 2082 1269 bene
2106 1206 2349 1269 consti-

273 1327 447 1393 tuta,
499 1309 819 1397 quoniam
846 1307 1024 1370 hanc
1052 1304 1260 1370 animi
1299 1318 1556 1393 partem
1607 1308 1860 1372 excitat
1893 1321 1959 1372 et
1994 1309 2114 1372 alit
2159 1331 2351 1372 eam-

278 1441 405 1506 que
447 1413 890 1480 corroborans
918 1409 1140 1497 perdit
1172 1408 1347 1474 hanc
1380 1433 1550 1497 quae
1576 1410 1858 1475 rationis
1896 1423 1962 1474 et
1990 1412 2211 1476 confili
2238 1411 2347 1475 est.

276 1516 853 1606 quemadmodum
890 1513 1065 1576 enim
1111 1512 1180 1576 in
1218 1513 1514 1586 civitate,
1564 1537 1772 1602 quum
1817 1514 1963 1599 quis
2009 1514 2348 1601 improbos

278 1632 590 1709 potentes
644 1615 862 1680 reddit
919 1614 1144 1700 eisque
1203 1615 1547 1681 civitatem
1592 1616 1994 1693 committit,
2055 1617 2351 1680 scitiores

282 1729 513 1788 autem
547 1719 797 1810 perdit,
846 1718 1085 1781 eodem
1114 1718 1321 1781 modo
1354 1720 1559 1780 etiam
1590 1718 1860 1804 poetam
1890 1717 1959 1781 in
1986 1717 2356 1782 imitatione

283 1828 657 1890 versantem
680 1821 976 1884 dicemus
992 1840 1269 1903 pravam
1292 1815 1636 1882 civitatem
1667 1820 2020 1904 separatim
2050 1818 2123 1880 in
2139 1819 2355 1880 cuius-

281 1952 412 2015 que
438 1926 666 1990 animo
708 1923 984 1986 iniicere
1011 1962 1029 1989 ,
1075 1916 1418 2002 infipienti
1464 1917 1605 1981 eius
1648 1920 1828 2005 parti
1869 1920 2358 2004 indulgentem,

284 2054 458 2114 quae
490 2027 765 2112 quidem
798 2043 1014 2107 neque
1047 2019 1304 2082 maiora
1333 2041 1551 2103 neque
1580 2022 1844 2087 minora
1873 2012 2215 2101 discernit,
2243 2020 2356 2083 sed
2398 2052 2408 2064 ·

289 2130 524 2196 eadem
560 2125 761 2189 modo
790 2137 919 2210 pro
952 2122 1206 2207 magnis
1237 2121 1436 2184 habet
1461 2124 1661 2187 modo
1693 2146 1820 2211 pro
1853 2124 2115 2210 parvis,
2161 2127 2355 2189 fimu-

284 2235 466 2302 lacra
502 2228 922 2313 'fingent'em3
984 2247 1022 2287 a
1067 2246 1224 2293 vero
1273 2234 1500 2288 autem
1552 2226 1710 2290 sane
1750 2226 1947 2315 longe
1989 2240 2353 2293 remotum.

278 2336 459 2403 Sane
486 2329 778 2417 quidem.

453 2432 772 2499 Nondum
808 2440 1029 2526 autem
1059 2432 1280 2513 poe'fin
1316 2430 1387 2494 in
1416 2454 1496 2495 eo
1536 2433 1712 2519 quod
1735 2432 2112 2498 maximum
2145 2436 2233 2497 est
2256 2454 2362 2496 ac-

287 2537 704 2607 cusavimus;
752 2533 881 2595 hoc
919 2530 1095 2595 enim
1125 2534 1304 2616 quod
1340 2534 1540 2599 etiam
1570 2536 1655 2599 ad
1685 2536 2012 2601 modestos
2046 2535 2225 2598 valet
2252 2536 2362 2600 de-

286 2635 695 2728 pravandOS‚
723 2634 1077 2720 perpaucis
1099 2633 1501 2717 quibusdam
1540 2639 1871 2726 exceptis,
1908 2636 2360 2723 gravissimum

289 2745 467 2810 sane.
531 2736 829 2835 Quidni,
874 2735 1194 2821 liquidem
1233 2736 1363 2799 hoc
1393 2741 1798 2805 committit?
1842 2739 2088 2825 Accipe
2113 2753 2178 2803 et
2204 2763 2363 2826 per-

289 2844 529 2935 pende.
577 2840 823 2905 etenim
853 2840 1139 2925 optimos
1164 2840 1464 2904 nostrum
1494 2843 1837 2908 audientes
1856 2843 2222 2907 Homerum
2249 2843 2364 2905 vel

293 2949 493 3014 etiam
521 2945 729 3010 alium
762 2964 960 3028 quem
987 2941 1396 3026 tragicorum
1415 2943 1784 3009 imitantem
1810 2946 2059 3030 aliquos
2078 2945 2364 3009 heroum

292 3051 363 3115 in
400 3051 583 3114 luctu
625 3043 1346 3127 versanteslongasque
1392 3047 1899 3111 lamentationes
1928 3045 2365 3133 ‘proterentes

293 3153 409 3217 vel
446 3150 646 3213 etiam
679 3146 1023 3232 'plorantes
1064 3156 1131 3210 et
1156 3147 1577 3231 plangentes,
1630 3149 1753 3212 scis
1790 3149 2029 3234 gaudio
2068 3148 2269 3227 affici,
2299 3149 2366 3210 se

297 3254 613 3318 dedentes
642 3249 824 3333 sequi
855 3260 921 3311 et
952 3247 1507 3331 condolescentes,
1535 3249 1739 3336 idque
1789 3252 1973 3332 serio,
2005 3263 2071 3315 et
2093 3251 2368 3315 studiose

296 3357 567 3423 laudare
606 3351 952 3416 utbonum
990 3351 1258 3436 poetam
1298 3352 1703 3439 quicumque
1733 3377 1851 3418 nos
1894 3376 2096 3439 quam
2147 3349 2370 3415 maxi-

212 3539 216 3548 '
301 3480 413 3523 me
446 3458 533 3519 ita
564 3453 822 3519 afficiat.
869 3451 1061 3518 Scio:
1111 3452 1399 3535 quidni?
1443 3454 1735 3543 Quando
1768 3476 1933 3519 vero
1964 3453 2201 3538 aliquis
2235 3473 2370 3513 no-

299 3556 510 3624 strfim
567 3556 636 3618 in
679 3554 1022 3641 propriam
1080 3557 1415 3640 quandam
1483 3556 1982 3642 aegritudinem
2039 3550 2370 3634 inciderit,

299 3656 782 3725 animadvertis
812 3678 961 3721 eum
991 3657 1063 3721 in
1107 3656 1443 3721 contrario
1473 3658 1539 3719 se
1570 3658 1851 3734 iactare,
1899 3656 1937 3718 fi
1967 3653 2157 3739 poffit
2191 3663 2370 3717 trau-

301 3762 545 3848 quillus
581 3761 705 3822 este
740 3757 986 3844 fibique
1017 3772 1426 3845 temperare,
1471 3760 1720 3848 quippe
1760 3756 1888 3820 hoc
1919 3754 2117 3818 virile
2150 3756 2373 3825 existi·-

303 3873 636 3940 mantem,
699 3859 867 3924 illud
912 3879 1073 3923 vero
1122 3859 1302 3944 quod
1346 3872 1495 3924 tum
1544 3858 1980 3924 laudabamus
2020 3860 2373 3928 muliebre.

306 3960 822 4041 Animadx'rertm
865 3960 1101 4047 iuquit.
1189 3961 1368 4027 Num
1399 3961 1638 4045 igitur,
1683 3960 1990 4045 inquam,
2031 3976 2213 4028 recte
2246 3966 2376 4029 ha·-

304 4059 419 4132 bet
445 4066 607 4133 haec
641 4060 975 4147 laudati0‚
1020 4062 1066 4126 fi
1098 4064 1242 4149 quis
1283 4060 1612 4128 eiusmodi
1643 4060 1869 4128 virum
1897 4062 2162 4142 videns,
2205 4087 2375 4151 qua-
