2738 4600
1094 335 1607 407 TIMAEUS.
2032 408 2038 418 ,
2270 340 2390 407 155

304 508 715 581 fimillimum
744 505 886 573 eius
914 508 1019 584 fin
1052 507 1298 575 etenim
1336 509 1688 598 exemplar
1708 530 1830 598 per
1855 531 2131 578 omnem
2167 521 2395 576 aeter-

308 616 583 681 nitatem
630 634 788 675 vere
829 613 952 690 est,
1015 611 1185 677 illud
1244 623 1472 677 autem
1517 626 1850 700 perpetuo
1888 637 2224 700 omneque
2270 635 2394 698 per

309 728 575 804 tempus
607 727 674 780 et
701 712 834 779 fuit
864 724 930 779 et
955 714 1043 777 est
1071 730 1137 778 et
1171 716 1319 780 erit.
1349 733 1440 779 ex
1461 714 1587 779 hac
1605 715 1812 801 igitur
1841 716 2102 781 ratione
2129 728 2193 780 et
2225 739 2397 781 con-

304 820 446 885 filio
504 819 743 882 divino
807 827 880 881 ut
939 827 1206 905 tempus
1268 830 1735 903 procrearetur
1764 867 1781 899 ‚
1856 820 1950 883 sol
2003 831 2064 882 et
2118 820 2280 885 luna
2327 830 2397 882 et

311 922 618 1011 quinque
653 921 815 984 aliae
852 920 1067 985 stellae
1095 940 1268 1006 quae
1294 933 1619 987 vocantur
1650 933 1981 993 errantes,
2014 921 2096 985 ad
2130 935 2396 1007 tempo-.

307 1023 407 1089 ris
481 1044 794 1087 numeros
853 1021 1349 1106 distinguendos
1408 1034 1613 1108 atque
1676 1025 2166 1088 conservandos
2223 1023 2402 1103 facta

312 1126 484 1190 sunt.
527 1147 805 1210 corpora
828 1134 1054 1188 autem
1086 1147 1321 1189 eorum
1353 1125 1513 1188 deus
1542 1124 1821 1191 effector
1857 1127 2076 1211 posuit
2102 1127 2174 1192 in
2204 1127 2401 1191 orbi-

315 1226 437 1292 bus
457 1273 474 1299 ‚
510 1229 759 1319 septem
791 1229 905 1293 illa
933 1229 1003 1292 in
1032 1228 1282 1313 septem
1318 1228 1420 1292 his
1447 1250 1615 1313 quos
1644 1230 1915 1295 alterius
1945 1243 2228 1295 naturae
2259 1228 2402 1293 cir-

313 1331 534 1395 cuitus
565 1330 905 1409 lustrabat,
931 1352 1009 1394 ac
1038 1331 1273 1393 lunam
1299 1328 1667 1411 quidem-in
1697 1354 1776 1395 eo
1807 1333 1923 1418 qui
1960 1334 2220 1420 primus
2258 1344 2401 1396 ter-

309 1456 461 1500 ram
493 1432 741 1512 ambit,
785 1434 992 1496 solem
1017 1433 1087 1496 in
1118 1432 1409 1497 secundo
1440 1434 1634 1521 supra
1668 1447 1953 1512 terram,
2001 1436 2402 1502 Luciferum

313 1550 539 1602 autem
583 1548 652 1598 et
678 1557 829 1599 eum
866 1535 980 1618 qui
1020 1536 1357 1601 Mercurio
1388 1537 1572 1601 sacer
1599 1538 1848 1602 dicitur
1878 1537 1950 1601 in
1998 1537 2078 1602 iis
2121 1537 2400 1602 orbibus
2455 1536 2460 1547 s

314 1639 435 1721 qui
463 1638 727 1701 cursum
759 1637 1008 1704 habent
1036 1624 1181 1705 solis
1209 1638 1535 1703 celeritati
1564 1661 1830 1726 parem,
1877 1640 1985 1704 sed
2015 1638 2146 1702 vim
2180 1659 2404 1721 quan-

318 1742 474 1803 dam
508 1737 648 1802 eius
676 1739 853 1803 nacti
887 1740 1036 1803 sunt
1080 1739 1526 1818 contrariamg
1571 1762 1707 1824 quo
1733 1742 1805 1809 fit
1845 1755 1923 1805 ut
1951 1737 2403 1827 comprehen-

304 1843 487 1907 dant
515 1855 579 1904 et
612 1826 1281 1926 comprehendantur
1308 1842 1565 1927 pariter
1577 1842 1767 1909 ,inter
1807 1843 1873 1904 se
1900 1842 1994 1906 sol
2034 1853 2101 1903 et
2125 1840 2407 1904 Mercu-

315 1945 462 2012 rius
510 1953 576 2006 et
598 1941 889 2008 Lucifer.
934 1940 1201 2030 reliqua
1243 1955 1468 2008 autem
1515 1944 1718 2009 fidera
1760 1966 1890 2029 quo
1927 1955 1991 2007 et
2036 1940 2278 2028 quibus
2321 1940 2409 2002 de

320 2048 526 2112 causis
561 2043 1075 2117 collocaverit,fi
1112 2045 1256 2129 quis
1282 2046 1588 2132 persequi
1617 2047 1777 2112 velit
1808 2068 2061 2122 omnes»,
2080 2043 2290 2109 oratio
2318 2040 2405 2107 ad

318 2148 697 2214 institutum
723 2146 891 2212 nihil
925 2146 1265 2232 pertinens
1296 2148 1447 2234 plus
1469 2149 1693 2231 negoti
1724 2148 2037 2213 exhibeat
2064 2148 2136 2211 in
2171 2147 2249 2211 iis
2276 2165 2407 2209 ex·-

319 2249 650 2340 ponendis
700 2269 991 2334 quorum
1038 2250 1228 2316 causa
1273 2250 1625 2317 habeatur.
1670 2252 1837 2317 haec
1882 2252 2098 2338 igitur
2124 2249 2406 2315 forfitan
2505 2280 2508 2285 ·

323 2376 447 2441 per
471 2352 684 2418 otium
707 2353 972 2439 posthac
995 2354 1265 2440 dignam
1290 2354 1588 2420 inveniat
1615 2344 2133 2442 expolitionemj
2164 2352 2404 2439 Quum

322 2478 487 2521 vero
515 2456 1043 2541 unumquodque
1073 2479 1313 2521 corum
1341 2457 1629 2521 fiderum
1659 2476 1831 2541 quae
1857 2454 2212 2541 oportebat
2242 2465 2407 2517 tem-

250 2590 269 2632 ;
321 2580 455 2644 pus
487 2580 622 2621 una
650 2556 984 2621 conficere
1009 2559 1277 2622 cursum
1307 2559 1633 2622 decorum
1665 2557 1821 2618 effet
1840 2557 2155 2643 adeptum
2182 2558 2414 2624 vinem

322 2658 539 2742 lisque
567 2656 967 2722 animalibus
997 2681 1285 2746 corpora
1312 2661 1620 2743 colligata
1667 2657 2033 2750 animantia
2060 2663 2263 2724 essent
2297 2656 2408 2721 fa-

325 2773 435 2826 cta
455 2772 523 2824 et
539 2759 1028 2849 praescriptum
1048 2760 1502 2846 percepissent,
1519 2760 1878 2826 secundum
1902 2761 2176 2825 alterius
2201 2745 2408 2826 natu-⁴-

322 2887 443 2934 rae
475 2862 845 2927 motionem
876 2863 1321 2928 transversam
1352 2883 1476 2947 per
1506 2876 1762 2931 motum
1792 2863 2092 2929 eiusdem
2122 2878 2408 2931 naturae

323 2978 606 3031 euntem
650 2975 717 3028 et
749 2964 1128 3051 superatam
1167 2965 1299 3030 alia
1327 2964 1689 3046 maiorem,
1736 2966 1865 3031 alia
1905 2966 2240 3031 minorem
2291 2988 2409 3030 or·-

323 3069 482 3134 bem
507 3068 899 3146 lustrarunt,
944 3069 1224 3152 celerius
1247 3090 1422 3155 quae
1455 3068 1827 3150 minorem,
1860 3092 2033 3155 quae
2061 3054 2225 3134 vero
2258 3090 2412 3131 ma-

324 3172 541 3238 iorem
572 3169 851 3249 tardiuS,
874 3170 1170 3235 motione
1203 3183 1429 3236 autem
1463 3172 1758 3235 eiusdem
1788 3183 2070 3258 naturae
2099 3193 2269 3257 quae
2299 3191 2413 3234 ve-

325 3273 643 3342 lociffime
670 3270 1123 3348 volvebantur
1148 3295 1186 3337 a
1216 3273 1622 3338 tardioribus
1644 3274 1779 3339 visa
1811 3278 1957 3340 sunt
1975 3296 2184 3359 quum
2210 3272 2412 3353 supe.-

329 3387 566 3442 rarent
600 3375 940 3462 superari3
985 3399 1218 3441 omnes
1243 3376 1428 3458 enim¹
1462 3398 1703 3440 eorum
1732 3376 1927 3441 orbes
1954 3377 2157 3439 instar
2188 3372 2411 3458 spirae

240 3539 253 3552 ,
328 3488 625 3551 vertens,
646 3498 723 3540 eo
739 3478 918 3559 quod
941 3476 1250 3544 bifariam
1267 3479 1805 3544 contrariefimul
1827 3474 2297 3564 procedebant,
2321 3472 2415 3538 ef·

327 3578 497 3647 fecit
525 3591 621 3657 ut,
638 3578 809 3665 quod
829 3578 1185 3645 tardisfime
1197 3580 1280 3646 ab
1296 3580 1432 3669 ipsa
1454 3602 1623 3665 quae
1641 3577 2040 3650 velocissima
2057 3588 2199 3640 erat
2217 3577 2424 3658 disce-2

330 3682 614 3761 deret‚id
629 3681 1016 3767 proximum
1042 3684 1400 3774 videretur.
1418 3694 1620 3770 atque
1633 3693 1707 3745 ut
1725 3684 1876 3744 effet
1892 3678 2200 3743 mensura
2218 3701 2417 3767 quae·
2444 3729 2447 3733 ι

333 3787 492 3855 dam
527 3785 800 3852 evidens
831 3805 964 3871 qua
987 3785 1168 3851 inter
1183 3786 1248 3850 se
1273 3783 1587 3853 tarditate
1604 3796 1667 3849 et
1692 3780 2031 3847 celeritate
2047 3781 2160 3848 illa
2188 3784 2259 3849 in
2285 3778 2418 3856 istis.
