2738 4600
1094 345 1597 421 TIMAEUS.
2268 353 2393 422 253

308 544 467 591 :rum
516 514 915 600 exhibeant}
967 523 1319 608 tamquam
1373 524 1639 613 speculo
1695 535 2166 613 praeparatum
2214 537 2282 591 et
2320 526 2392 591 in

309 638 632 714 promptu
671 628 937 713 semper
964 626 1333 715 appofitum
1351 623 1806 693 fimulacrum.
1836 629 2138 713 quocirca
2167 628 2395 709 etiam,

311 749 526 815 quum
571 728 800 794 sordes
857 730 1184 817 quaedam
1232 730 1547 796 exfiflunt
1598 752 1724 817 per
1766 733 2069 815 corporis
2120 730 2397 795 morbos

311 830 490 895 circa
514 829 742 920 iecur,
796 832 1017 896 omnis
1058 831 1301 919 splenis
1360 854 1651 919 purgans
1694 854 1806 897 eas
1848 832 2088 920 recipit
2135 836 2395 913 raritas,

312 933 567 1020 quippe
608 935 780 1020 quod
825 955 1074 998 cavum
1108 932 1562 1018 sanguineque
1597 923 1830 1001 carens
1861 947 2251 1000 contextum
2274 937 2396 1016 -Εἲς

312 1035 500 1099 unde
550 1038 1010 1124 purgamentis
1057 1036 1421 1126 impletum
1464 1058 1792 1126 magnum
1846 1051 1914 1103 et
1959 1039 2398 1126 purulentum

312 1135 730 1220 intumescit,
804 1139 1171 1225 rursusque
1218 1160 1504 1225 corpore
1550 1152 1838 1228 purgato
1901 1142 2280 1227 depressum
2325 1138 2401 1205 in

310 1239 493 1308 idem
524 1242 813 1307 confidit.

483 1340 705 1428 Atque
736 1343 820 1406 de
853 1342 1122 1423 animo,
1170 1342 1388 1427 quoad
1417 1345 1716 1410 mortalis
1750 1346 1821 1410 fit
1863 1357 1930 1409 et
1952 1345 2181 1431 quoad
2219 1343 2403 1408 divi-

310 1464 466 1524 nuS,
513 1457 579 1509 et
619 1446 1001 1531 quomodO.
1050 1465 1205 1507 cum
1240 1445 1482 1530 quibus
1517 1467 1816 1530 quasque
1844 1446 1931 1510 ob
1963 1449 2186 1513 causas
2214 1447 2403 1511 seor-

313 1547 461 1609 sum
515 1547 875 1611 collocatus
918 1544 1156 1625 fuerit,
1215 1570 1456 1612 verum
1505 1545 1816 1631 quidem,
1873 1558 1952 1611 ut
1992 1548 2249 1615 dictum
2291 1550 2402 1630 est,

316 1668 526 1731 quum
564 1647 729 1712 deus
760 1649 1280 1729 assenserit‚tum
1300 1650 1576 1715 demum
1607 1639 2206 1740 affirmaverimus,
2224 1647 2403 1732 quod

317 1768 489 1811 vero
516 1749 945 1834 probabiliter
977 1775 1015 1814 a
1057 1751 1249 1817 nobis
1282 1750 1548 1829 dicitur,
1591 1751 1659 1816 id
1691 1765 1756 1817 et
1785 1774 1964 1816 nunc
1991 1763 2058 1814 et
2073 1749 2283 1834 magis
2311 1760 2406 1814 et-

318 1850 454 1913 iam
490 1851 1057 1917 confiderantibus
1091 1852 1606 1940 periclitandum
1626 1855 1721 1934 ⁸est
1750 1855 2006 1918 sumere
2038 1852 2404 1938 sumptum—

318 1972 449 2036 que
490 1954 643 2016 est0.
744 1953 947 2041 Quod
989 1978 1153 2020 vero
1195 1978 1357 2021 cum
1403 1953 1506 2018 his
1555 1955 1992 2020 coniunctum
2035 1955 2161 2035 ‘est,
2202 1952 2269 2018 id
2299 1975 2408 2016 eo·

321 2053 476 2130 dem
519 2054 724 2119 modo
776 2056 1352 2142 investigandum3
1418 2068 1564 2121 erat
1609 2068 1832 2122 autem
1896 2057 2026 2122 hoc
2064 2055 2406 2141 quomodo

320 2156 660 2242 reliquum
700 2157 947 2223 iactum
978 2163 1055 2224 fit
1096 2183 1358 2247 corpus,
1431 2182 1515 2225 ex
1544 2158 1670 2224 hac
1696 2161 1914 2245 'igitur
1951 2158 2211 2224 ratione
2251 2180 2407 2223 om-

319 2258 511 2324 nium
542 2262 1151 2329 convenientissima
1181 2262 1241 2327 ci
1281 2261 1489 2326 fuerit
1517 2264 1943 2330 constructio·

491 2364 812 2431 Futuram
838 2343 1124 2430 nostram
1148 2367 1662 2453 potulentorum
1688 2379 1756 2430 et
1787 2367 2281 2432 esculentorum
2302 2366 2407 2430 in-

321 2468 839 2550 temperantiam
868 2470 1284 2553 perspectam
1318 2469 1704 2532 habuerunt
1722 2467 1839 2550 qui
1863 2488 2074 2552 genus
2107 2467 2406 2530 nostrum

329 2570 861 2645 construxerunt,
909 2588 1161 2650 nosque
1188 2572 1387 2655 longe
1425 2569 1602 2633 ultra
1633 2564 1916 2631 modum
1949 2580 2015 2632 et
2055 2568 2410 2633 necestita-

324 2678 463 2731 tem
492 2668 564 2732 in
596 2691 673 2732 ea
704 2674 828 2734 e'ffe
858 2676 1339 2756 progressuros·
1386 2693 1473 2735 ne
1498 2669 1705 2756 igitur
1729 2669 2036 2735 interitus
2075 2692 2197 2758 per
2214 2692 2410 2734 mor-

323 2771 445 2834 bos
501 2790 822 2860 praeceps
863 2766 1223 2857 'ingrueret
1272 2782 1335 2836 et
1391 2771 1872 2859 imperfectum
1930 2772 2145 2837 statim
2201 2792 2409 2857 genus

322 2873 619 2939 mortale
662 2874 1132 2958 occumberet,
1189 2875 1317 2965 hoe
1364 2874 1795 2957 providentes
1834 2875 2135 2960 reliquiis
2161 2873 2411 2941 futuris

323 2975 615 3063 potionis
650 2987 717 3039 et
751 2976 882 3040 cibi
909 2976 1301 3056 inferiorem
1338 2998 1512 3060 quae
1542 2976 1789 3041 dicitur
1828 2978 2061 3043 alvum
2096 2990 2411 3064 recepta-

326 3066 555 3141 culum
603 3078 973 3165 posuerunt
1014 3101 1298 3165 eamque
1333 3077 1799 3143 obvolverunt
1836 3076 2274 3144 circumcirca
2302 3079 2412 3142 in-

329 3178 597 3256 testinis,
639 3192 717 3244 ut
745 3202 833 3244 ne
861 3182 996 3245 cito
1025 3182 1380 3247 traiectum
1413 3180 1807 3259 alimentum
1847 3180 1976 3245 cito
2003 3182 2224 3245 rursus
2241 3179 2412 3244 alius

327 3279 633 3346 alimenti
674 3281 976 3365 indigere
1016 3306 1261 3370 corpus
1297 3270 1597 3368 cogeret,
1645 3295 1713 3347 et
1739 3281 2216 3371 inexplebilem
2252 3279 2413 3344 inii-

328 3381 528 3446 ciens·
560 3382 953 3450 aviditatem
984 3398 1259 3473 propter
1287 3384 1790 3471 ligurritionem
1821 3408 1860 3450 a
1890 3381 2314 3471 philosophia
2347 3392 2414 3446 et

329 3483 533 3548 Musis
563 3488 879 3551 aversum
907 3498 1128 3554 totum
1174 3485 1463 3552 efficeret
1489 3507 1699 3573 genus
1728 3489 2037 3576 partique
2066 3480 2268 3548 nostri
2317 3483 2410 3548 di·

330 3584 699 3651 vinisfimae
732 3586 911 3655 haud
941 3591 1441 3675 obtemperans.

509 3689 766 3753 Ossium
788 3713 956 3757 vero
987 3706 1056 3757 et
1082 3692 1306 3758 carnis
1332 3691 1687 3774 omnisque
1712 3686 1917 3755 huius
1947 3697 2232 3750 naturae
2248 3685 2414 3752 haec

333 3791 424 3856 est
462 3791 662 3856 ratio.
715 3791 825 3855 his
863 3792 1180 3858 omnibus
1226 3793 1642 3883 principium
1684 3792 1770 3854 est
1814 3787 2149 3888 medullae
2185 3800 2413 3871 ortusg,

333 3893 514 3958 vitae
541 3894 724 3966 enim
756 3895 1065 3976 vincula,
1114 3917 1320 3982 quum
1355 3894 1620 3961 animus
1655 3889 1809 3957 cum
1843 3911 2124 3977 corpore
2154 3890 2415 3978 colliga·

336 4006 444 4060 tus
474 3997 660 4079 effet,
701 3996 778 4062 in
807 3998 936 4065 hac
977 3999 1319 4063 constricta
1344 4009 1686 4082 tamquam
1713 3992 2050 4059 radicibus
2079 3993 2417 4059 stabilive-
2507 4042 2511 4049 .

334 4108 506 4164 runt
546 4100 837 4174 mortale
881 4113 1092 4187 genus
1108 4122 1131 4182 3
1172 4101 1313 4190 ipsa
1345 4110 1572 4167 autem
1602 4097 1900 4166 medulla
1932 4118 2017 4164 ex
2050 4095 2191 4166 aliis
2220 4115 2416 4182 gene-
