2738 4600
1113 292 1620 392 TIMAEUS.
2281 343 2405 414 217

322 496 658 563 sectiones
681 506 749 561 et
776 487 1001 568 causae
1045 509 1277 561 eornm
1311 517 1485 583 quae
1511 495 1658 562 illas
1698 494 1993 562 afferunt
2020 497 2408 564 conandum

247 600 260 618 ”
325 597 589 682 dicere',
633 599 682 663 fi
712 622 848 685 qua
873 598 1339 685 potuerimus3
1386 622 1464 664 ac
1495 599 1797 686 primum
1830 599 2094 685 quidem
2125 622 2295 686 quae
2324 602 2410 665 de

325 701 730 768 humoribus
761 714 1028 788 agentes
1051 702 1120 767 in
1139 701 1594 791 superioribus
1624 701 2211 789 praemi-militnm,
2241 726 2410 791 pro-

260 811 270 822 “
287 813 298 843 ’-
324 806 510 894 prias
526 806 675 871 illas
703 805 972 893 quidem
993 806 1260 892 linguae
1274 802 1588 870 affection
1597 826 1689 885 ea,
1702 802 2168 891 patefacienda
2184 805 2410 892 quoad

255 944 264 947 ’
326 908 653 974 eius‘fieri
678 907 937 990 poterit.
977 908 1295 974 videntur
1324 919 1551 974 autem
1583 907 1746 973 haec
1764 928 2058 992 quoque,
2092 909 2246 973 ficut
2264 910 2410 996 ple-

324 1033 565 1095 raque,
610 1033 734 1099 per
762 1011 1228 1076 concretiones
1255 1011 1574 1098 quasdam
1606 1021 1672 1074 et
1706 1008 2106 1074 secretione-s
2135 1009 2304 1090 fieri,
2345 1024 2416 1078 et

328 1126 599 1203 praeter
638 1115 755 1179 has
799 1114 1021 1180 multo
1053 1114 1265 1198 magis
1305 1136 1514 1199 quam
1552 1112 1813 1197 reliqua
1846 1112 2313 1199 asperitatibus
2347 1126 2418 1180 et

324 1216 715 1282 {evitatibus
762 1215 885 1284 uti.
962 1237 1424 1302 quaecumque
1473 1215 1655 1282 enim
1701 1213 2020 1279 intrantia
2062 1215 2137 1280 in
2190 1238 2415 1301 venae,

328 1342 502 1407 quae
517 1331 792 1404 tamqua
803 1343 866 1383 m
883 1319 1311 1405 probationes
1332 1318 1603 1405 linguae
1617 1317 1698 1381 ad
1720 1337 1836 1381 cor
1850 1319 2332 1402 extenduntur,
2350 1332 2421 1386 et

261 1422 400 1488 ‘'in
446 1420 759 1485 humidas
800 1422 1173 1506 mollesque
1213 1420 1436 1484 carnis
1467 1432 1691 1508 partes
1727 1420 2127 1502 incidentia,
2171 1443 2417 1509 easque

328 1536 636 1589 terrenas
669 1522 1087 1608 liquefactas,
1124 1525 1537 1588 contrahunt
1574 1544 1779 1587 venas
1814 1534 1880 1586 et
1911 1525 2277 1607 exficcant,‘
2306 1517 2418 1607 ea,

327 1629 374 1692 fi
434 1626 764 1711 asperiora
805 1626 996 1708 sunt,
1055 1625 1329 1703 acerba,
1394 1625 1621 1692 minus
1661 1645 1821 1690 vero
1868 1627 2098 1716 aspera
2157 1631 2419 1695 austera

334 1730 403 1793 se
481 1727 840 1805 exhibent,
932 1748 1021 1794 ex
1076 1730 1179 1794 his
1248 1739 1473 1793 autem
1539 1747 1711 1816 quae
1786 1739 2087 1817 purgant
2146 1731 2422 1795 omnia-

338 1852 470 1917 que
502 1830 784 1917 linguae
839 1830 1270 1897 adhaerentia
1310 1818 1622 1911 abluunt,
1679 1832 1725 1895 fi
1779 1830 1961 1896 ultra
2023 1830 2304 1897 modum
2348 1832 2418 1898 id

330 1934 596 1999 faciunt
641 1945 705 1997 et
748 1933 1024 2023 insuper
1083 1936 1434 1999 assumunt
1475 1946 1550 1997 ut
1588 1933 1688 2017 de}
1714 1933 1853 2021 ipsa
1887 1942 2130 1998 natura
2163 1933 2419 2021 aliquid

330 2036 778 2121 liquefaciant
823 2048 890 2100 et
932 2039 1357 2116 consumant,
1415 2034 1602 2101 velut
1629 2036 1798 2101 nitri
1827 2035 1951 2117 vis,
1999 2057 2227 2101 amara
2262 2060 2422 2102 om·-

264 2151 275 2162 '
334 2139 454 2207 nia
497 2139 667 2204 haec
713 2139 1058 2226 appellata
1094 2142 1290 2222 sunt3
1319 2165 1320 2168 ¹
1348 2161 1427 2204 ea
1473 2151 1707 2204 contra
1754 2159 1925 2224 quae
1965 2137 2422 2205 moderatiora

335 2242 493 2307 sunt
536 2239 697 2306 nitri
742 2241 981 2311 habitu
1012 2244 1368 2331 leniusque
1405 2242 1692 2309 abluunt
1726 2240 1888 2304 salsa
1922 2242 2056 2304 fine
2087 2242 2469 2334 amai-itus

338 2345 498 2409 dine
534 2345 762 2432 aspera
803 2356 1121 2433 grataque
1162 2347 1376 2434 magis
1419 2345 1610 2411 nobis
1654 2343 1987 2410 videntur.
2046 2366 2220 2430 quae
2255 2366 2422 2407 vero

336 2447 630 2512 calorem
663 2469 818 2510 cum
852 2471 970 2512 ore
1011 2449 1543 2527 communicant,
1586 2446 1670 2511 ab
1710 2469 1790 2510 eo
1825 2444 2291 2520 emolliuntur,
2336 2444 2426 2506 fi-

213 2612 220 2616 .
334 2549 486 2612 mul
503 2548 949 2613 exardescunt
974 2551 1341 2635 rursusque
1369 2549 1746 2614 incendunt
1782 2547 1853 2611 id
1893 2546 2069 2632 quod
2099 2543 2422 2624 calefacit,

337 2672 470 2738 pro
501 2649 781 2715 levitate
810 2651 923 2714 ffia
951 2653 1213 2716 sursum
1244 2638 1562 2716 feruntur
1586 2650 1668 2716 ad
1699 2649 1938 2737 capitis
1970 2649 2225 2729 sensuS,
2269 2671 2426 2714 om·-

306 2753 592 2836 ‘niaque
646 2753 862 2817 secant
925 2752 1001 2817 in
1055 2772 1246 2839 quae*
1288 2753 1635 2833 incidunt,
1706 2763 2019 2840 propter·
2057 2751 2178 2817 has
2242 2752 2426 2817 vires

335 2857 522 2921 acria
560 2854 793 2920 omnia
829 2854 998 2920 haec
1046 2855 1383 2925 dicuntur:
1467 2857 1555 2922 de
1588 2855 1825 2921 iisdem
1870 2878 2033 2921 vero
2078 2877 2249 2941 quae
2297 2877 2427 2918 an·

338 2969 409 3023 te
441 2964 903 3023 extenuantur
950 2980 991 3022 a
1034 2959 1399 3042 putredine
1440 2959 1598 3024 etin
1633 2960 1932 3044 angustas
1955 2980 2165 3024 venas
2193 2958 2427 3043 ingre-

247 3078 264 3096 “
342 3061 622 3125 diuntur
673 3046 1112 3148 partibusque
1173 3060 1266 3127 ibi
1312 3060 1726 3128 exstantibus
1781 3060 2066 3125 terrenis
2118 3071 2185 3123 et
2231 3046 2425 3123 a‘eiriis

341 3164 816 3235 convenienter
843 3164 922 3228 ·se
950 3163 1234 3236 habent,
1289 3164 1386 3230 ita
1424 3175 1505 3229 ut·
1531 3175 1723 3229 motu
1760 3167 1881 3227 suo
1911 3161 2202 3227 efficiant
2229 3172 2307 3225 ut
2336 3159 2428 3224 il-

339 3266 444 3332 lae
472 3268 648 3332 inter
678 3269 745 3330 se
773 3264 1292 3344 confundantur,
1339 3264 1651 3331 confusae
1681 3264 1858 3330 inter
1889 3267 1954 3329 se
1990 3264 2341 3328 incurrant
2358 3270 2426 3322 et

339 3368 413 3432 in
455 3368 616 3432 alias
663 3367 982 3454 ingress'ae
1020 3367 1181 3434 alias
1223 3389 1420 3432 cavas
1453 3365 1741 3433 efficiant
1769 3368 2020 3431 circum
2062 3386 2172 3428 eas
2209 3360 2427 3426 tensas

344 3491 520 3554 quae
550 3470 1168 3559 intrant—quippe
1196 3469 1513 3534 humore
1500 3470 1612 3535 cii
1615 3493 1771 3534 cum
1811 3468 2038 3536 aerem
2067 3485 2236 3530 cavo
2267 3474 2428 3526 ten-

343 3573 435 3651 so,
483 3572 684 3636 modo
716 3584 988 3639 terreno
1014 3575 1224 3641 modo
1249 3573 1449 3638 etiam
1481 3595 1677 3659 puro,
1684 3562 1978 3635 humida
2008 3565 2427 3652 receptacula

346 3674 528 3740 aeria
566 3697 780 3760 aquae
815 3699 1012 3742 cavae
1055 3688 1121 3741 et
1149 3674 1452 3761 globosae
1477 3673 1686 3747 fiunt,
1734 3684 1799 3735 et
1831 3694 1927 3736 ex
1950 3691 2121 3758 puro
2153 3666 2423 3754 quidem

233 3798 242 3807 ²
344 3779 638 3844 humore
670 3801 842 3865 quae
878 3780 1194 3845 oriuntu'r
1218 3773 1879 3866 pellucida'evadunt
1906 3772 2265 3857 bullaeque
2294 3791 2428 3834 no-
2521 3807 2526 3811 -

347 3880 729 3970 minantur,
774 3905 951 3969 quae
978 3904 1139 3950 vero
1175 3902 1211 3945 e
1245 3892 1555 3960 terreno,
1617 3875 1811 3942 fimul
1838 3873 2086 3962 agitato
2116 3885 2185 3942 et
2205 3872 2423 3941 subla-
