2738 4600
1002 345 1449 422 POLITIA
1488 350 1619 421 lx.
1796 343 1808 359 ’
2267 352 2358 420 53

260 528 554 620 quidem.
643 522 715 593 Si
748 521 980 590 minus
1014 516 1320 589 veritatis
1361 525 1453 590 est
1484 524 1852 615 particeps,
1885 546 2117 596 nonne
2144 528 2349 594 etiam

263 630 832 715 effentiaeqminus
881 629 970 692 est
1028 628 1420 717 particeps?
1491 627 1890 700 Necessario.
1988 628 2231 696 Nonne
2276 630 2349 698 in

260 737 651 806 universum
689 751 935 818 genera
981 730 1066 794 ad
1114 730 1419 818 corporis
1454 732 1718 796 cultum
1747 732 2112 819 spectantia
2140 755 2351 821 gene·

253 845 440 912 ribus
470 839 601 904 illis
631 834 718 903 ad
747 833 954 898 animi
990 833 1253 899 cultum
1286 831 1749 920 ‘spectantibus
1794 832 2022 899 minus
2053 834 2352 903 veritatis

253 960 318 1013 et
349 941 664 1010 essentiae
699 935 1008 1002 habent?
1053 933 1231 1002 Sane
1260 935 1560 1023 quidem.
1639 937 1907 1026 Corpus
1936 960 2098 1005 vero
2126 939 2349 1027 ipsum

251 1069 485 1116 nonne
521 1044 685 1109 item
727 1039 954 1105 minus
991 1037 1240 1104 habere
1279 1040 1503 1103 censes
1548 1061 1750 1125 quam
1795 1039 2161 1109 animum?
2213 1044 2352 1132 Ego

251 1157 431 1220 sane.
519 1150 764 1217 Nonne
795 1142 974 1228 quod
1012 1142 1102 1206 eis
1134 1163 1307 1228 quae
1333 1142 1544 1230 magis
1574 1145 1728 1209 sunt
1755 1145 2080 1232 expletur
2102 1146 2351 1235 ipsum-

253 1278 389 1344 que
424 1252 639 1337 magis
671 1250 760 1313 est
794 1267 1032 1312 revera
1058 1245 1270 1331 magis
1303 1246 1653 1332 expletur,
1697 1269 1900 1332 quam
1930 1251 2112 1333 quod
2147 1250 2353 1316 rebus

255 1360 764 1447 expleturquae
793 1349 1022 1414 minus
1050 1350 1204 1414 sunt
1232 1346 1586 1434 ipsumque
1614 1348 1842 1415 minus
1862 1350 1996 1416 est?
2041 1352 2301 1443 Quidni
2327 1359 2353 1418 t

251 1464 400 1530 Iam
448 1462 494 1525 fi
538 1455 743 1523 rebus
793 1449 1051 1538 expleri
1091 1460 1335 1519 natura
1380 1451 1946 1520 convenientibus
1987 1455 2193 1524 suave
2240 1457 2353 1538 est,

250 1566 325 1631 id
363 1560 553 1651 quod
582 1579 825 1624 revera
850 1554 1185 1641 rebusque
1209 1574 1385 1640 quae
1413 1553 1628 1640 magis
1657 1555 1813 1619 sunt
1854 1558 2169 1647 expletur
2196 1582 2355 1625 cer-

252 1670 397 1735 tiu-s
441 1685 521 1729 ac
554 1658 778 1726 verius
809 1656 1056 1745 gaudio
1084 1679 1210 1723 nos
1238 1655 1478 1721 afficiet
1504 1669 1573 1720 et
1600 1656 1945 1743 voluptate
1962 1681 2144 1735 vera,
2172 1658 2358 1748 quod

250 1790 430 1837 vero
467 1787 621 1830 cum
654 1763 855 1828 rebus
883 1758 1321 1824 coniunctum
1359 1760 1449 1822 est
1474 1776 1654 1844 quae
1678 1757 1906 1823 minus
1943 1760 2105 1825 sunt
2133 1760 2361 1827 minus

257 1874 469 1939 etiam
504 1883 661 1934 vere
690 1876 757 1928 et
792 1863 995 1926 firme
1039 1858 1427 1954 explebitur
1469 1867 1533 1922 et
1573 1856 1954 1923 incertioris
1997 1859 2362 1949 voluptatis

253 1977 629 2057 minusque
655 1987 862 2029 verae
893 1959 1023 2026 erit
1062 1960 1421 2046 particeps.
1507 1960 1812 2026 Maxime
1838 1964 2220 2042 necessario,
2249 1964 2363 2030 in-

257 2077 437 2166 quit.
540 2067 686 2157 Qui
732 2084 892 2148 ergo
936 2062 1338 2148 prudentiae
1390 2084 1468 2128 ae
1516 2060 1789 2129 virtutis
1830 2064 2134 2152 imperiti
2180 2068 2357 2143 sunt,

255 2182 341 2246 in
377 2171 598 2262 epulis
634 2190 797 2241 vero
832 2164 1206 2251 talibusque
1245 2165 1507 2252 semper
1551 2167 1953 2242 versantur,
2011 2167 2353 2248 deorsum,

255 2293 345 2349 ut
379 2285 594 2368 patet,
644 2270 1006 2354 rursusque
1042 2291 1256 2357 usque
1303 2268 1389 2334 ad
1432 2267 1734 2336 medium
1782 2268 2105 2338 feruntur
2154 2280 2222 2336 et
2261 2268 2362 2337 ita

262 2390 500 2450 errant
544 2397 668 2466 per
712 2392 988 2436 omnem
1043 2371 1287 2447 vitam,
1346 2393 1722 2457 numquam
1754 2395 1922 2438 vero
1964 2373 2095 2438 hoe
2137 2384 2360 2437 trans-

261 2484 458 2574 gresfi
497 2479 580 2544 ad
632 2478 862 2560 locum
906 2494 1068 2538 vere
1105 2476 1430 2561 superum
1471 2475 1966 2568 conspexerunt
2018 2474 2364 2564 superiora

266 2607 488 2672 eoque
516 2580 635 2647 lati
664 2581 823 2643 sunt
858 2597 1080 2661 neque
1103 2599 1271 2640 vero
1310 2596 1553 2639 revera
1596 2578 1754 2642 sunt
1793 2576 2083 2665 expleti,
2141 2598 2365 2663 nequo

261 2687 567 2759 stabilem
599 2701 981 2768 puramque
1019 2678 1437 2765 voluptatem
1469 2680 1851 2763 gustarunt,
1890 2679 2002 2745 sed
2030 2702 2366 2769 pecorum

265 2790 478 2860 modo
517 2785 842 2850 ,deorsum
890 2782 1160 2867 semper
1202 2781 1572 2866 spectantes
1621 2780 1955 2869 pronique
1995 2783 2070 2849 in
2110 2794 2366 2849 terram

269 2895 444 2963 etin
492 2888 750 2955 mensas
791 2885 1160 2974 pascuntur
1204 2882 1335 2946 sese
1378 2882 1745 2965 saginantes
1788 2896 1855 2950 et
1894 2886 2238 2963 salientes,
2300 2895 2368 2950 et

267 3006 556 3088 propter
598 2981 1255 3055 harumlibidinum
1303 2983 1895 3071 intemperantiam
1946 2990 2368 3056 calcitrantes

270 3123 351 3168 ae
394 3096 707 3163 ferientes
747 3089 923 3153 inter
965 3086 1030 3150 l'e
1080 3086 1316 3152 ferreis
1373 3086 1690 3153 cornibus
1731 3100 1801 3152 et
1842 3089 2108 3180 ungulis
2147 3095 2370 3157 inter-

271 3202 518 3271 ficiunt
544 3190 934 3282 inexplebili
966 3188 1332 3277 cupiditate
1357 3188 1781 3270 inflammati,
1817 3195 2067 3284 quippe
2097 3194 2211 3281 qui
2242 3216 2370 3257 ne-

275 3327 410 3393 que
444 3301 642 3367 rebus
671 3318 845 3383 quae
873 3313 1035 3358 vere
1065 3294 1222 3356 sunt
1264 3304 1489 3377 neque
1513 3291 1584 3355 id
1622 3294 1801 3381 quod
1837 3318 1999 3362 vere
2028 3297 2119 3361 est
2148 3313 2371 3378 neque

275 3427 522 3472 veram
566 3413 634 3466 et
683 3398 1083 3463 constantem
1138 3393 1237 3457 sui
1293 3405 1552 3480 partem
1603 3396 1952 3485 impleant.
2066 3393 2371 3466 Prorsus,

277 3508 549 3574 Glauco
591 3502 845 3585 inquit,
878 3494 1381 3571 'multitudinis,
1439 3494 1750 3580 Socrate,
1829 3500 2043 3566 vitam
2099 3492 2393 3588 oraculo¹

283 3609 452 3676 edis.
539 3603 782 3672 Nonne
810 3602 1011 3666 etiam
1039 3602 1294 3665 necesse
1330 3600 1420 3663 est
1449 3600 1521 3664 in
1556 3600 2017 3681 voluptatibus
2050 3618 2164 3661 eos
2210 3616 2373 3660 ver·
2415 3665 2420 3670 ,

148 3705 163 3716 “
282 3711 417 3778 sari
457 3731 613 3775 cum
642 3705 982 3773 doloribus
1010 3700 1384 3790 permixtis,
1429 3686 1796 3770 fimulacris
1825 3719 2034 3767 verae
2060 3697 2373 3789 volupta-

281 3814 367 3881 tis
398 3825 467 3878 et
499 3813 571 3878 in
596 3807 880 3899 speciem
913 3805 1128 3894 pictis,
1147 3826 1320 3890 quae
1349 3804 1623 3889 quidem
1645 3803 1968 3889 eregione
1996 3797 2108 3864 fibi
2125 3804 2375 3889 pofitae

282 3914 378 3980 ita
401 3917 577 3980 inter
605 3914 672 3977 se
706 3910 998 3976 efferunt
1024 3917 1224 3995 atque
1263 3904 1581 3986 eminent,
1609 3917 1685 3970 ut
1714 3905 2079 3970 vehemens
2101 3916 2375 3971 utrum-

284 4040 422 4104 que
455 4016 764 4082 videatur
798 4027 865 4078 et
899 4031 1162 4090 amores
1194 4008 1296 4072 sui
1334 4006 1619 4071 furiosos
1650 4007 2188 4094 imprudentibus
2220 4005 2377 4074 inii·-

287 4120 418 4187 ciat
443 4119 889 4203 certatimque
916 4121 1307 4200 expetatur,
1350 4106 1932 4192 quemadmodum
1973 4110 2058 4172 de
2086 4109 2380 4171 Helenae

1826 4210 1880 4271 C
1929 4227 1963 4269 2
