2738 4600
1021 306 1458 378 POLITIA
1516 305 1603 376 X.
2234 310 2360 379 105

234 490 239 495 ’
289 470 620 555 virtutem
644 478 988 571 adeptum.
1020 481 1303 555 omnino
1333 481 1535 548 etiam
1562 503 1700 547 non
1714 479 2059 598 pauciores
2086 485 2214 549 effe
2241 482 2364 567 qui

291 589 475 659 hac
452 613 524 655 1n
561 588 750 654 causa
778 583 1452 672 deprehenderentur
1492 604 1578 650 ex
1609 582 1688 647 iis
1730 583 1849 668 qui
1875 608 1913 649 e
1953 586 2139 651 caelo
2178 587 2366 651 veni·
2395 652 2401 659 ,

290 703 468 775 rent,
530 691 782 778 quippe
825 687 942 776 qui
978 710 1459 757 aerumnarum
1502 684 1806 774 imperiti
1848 692 2084 769 ess‘entt,
2126 711 2365 755 eorum

242 803 259 815 ‘
288 788 525 863 contra
571 793 692 878 qui
719 815 756 856 e
785 804 970 857 terra
988 791 1367 874 venirent,
1427 789 1791 878 plurimoe,
1852 791 2101 880 quippe
2144 795 2260 879 qui
2302 806 2369 859 et

283 898 408 985 ipfi
447 896 713 961 labores
758 895 1204 961 exanclaflent
1249 907 1319 960 et
1362 894 1526 960 alios
1577 892 1919 975 vidissent,
1980 917 2115 959 non
2148 895 2367 962 subito

287 992 651 1067 electiones
687 997 928 1064 facere.
1000 996 1314 1084 quocirca
1354 995 1562 1087 etiam
1602 998 2109 1063 converfionem
2151 1001 2370 1066 malo-

289 1126 452 1170 rum
480 1113 545 1165 et
583 1101 918 1167 bonorum
957 1099 1265 1189 plurimis
1293 1099 1534 1164 animis
1577 1099 2000 1186 contingere,
2046 1099 2372 1189 simulque

288 1216 572 1296 propter
611 1205 864 1270 sortem
905 1203 1260 1269 fortuitam
1273 1227 1292 1278 3
1339 1224 1750 1289 quamquam
1795 1204 1841 1268 fi
1891 1204 2043 1289 quia
2084 1206 2371 1293 semper,

289 1306 843 1394 quotiescumque
884 1306 1063 1371 hanc
1103 1304 1179 1371 in
1221 1303 1436 1391 vitam
1478 1305 1785 1383 venerit,
1854 1327 2019 1371 vere
2076 1306 2379 1395 philoso-

286 1411 548 1500 phetur
575 1421 644 1474 et
671 1411 815 1473 sors
857 1408 920 1472 ei
963 1404 1303 1471 electionis
1332 1430 1469 1472 non
1506 1409 1839 1494 postrema
1879 1410 2104 1489 cadat,
2153 1433 2237 1476 ex
2280 1411 2376 1476 eis

249 1522 253 1529 '
291 1535 470 1600 quae
496 1511 661 1579 inde
690 1509 1084 1576 renunciata
1111 1512 1270 1574 sunt
1295 1511 1611 1576 videatur
1646 1534 1784 1576 non
1819 1512 2036 1579 solum
2075 1512 2187 1578 hic
2215 1515 2378 1581 bea-

250 1622 259 1626 ’
291 1629 408 1682 tus
433 1614 608 1694 fore,
621 1634 860 1678 verum
879 1613 1081 1678 etiam
1098 1612 1261 1678 hinc
1286 1613 1455 1703 illuc
1474 1624 1541 1676 et
1569 1614 1708 1677 hue
1722 1614 1955 1680 rursus
1983 1614 2164 1679 viam
2194 1615 2380 1683 haud

211 1766 217 1770 -
292 1719 681 1784 terrestrem
736 1727 801 1781 et
840 1718 1147 1802 asperam
1178 1713 1486 1800 ingredi,
1526 1715 1637 1778 sed
1664 1717 1891 1779 lenem
1920 1727 1988 1780 et
2015 1717 2378 1785 caelestem.

294 1821 430 1887 h'oc
462 1820 641 1887 enim
680 1817 853 1882 dixit
895 1816 1354 1901 spectaculum
1404 1815 1684 1900 dignum
1728 1821 1853 1881 effe
1899 1815 2081 1900 quod
2114 1798 2388 1883 videre-

294 1937 446 2004 tur,
492 1918 830 2007 quomodo
861 1917 1075 1982 animi
1104 1916 1339 2003 singuli
1379 1916 1709 2001 elegiffent
1754 1917 1966 1992 vitam
2010 1917 2387 1986 miserabile

294 2026 494 2102 ‚enim
546 2029 674 2088 esse
737 2021 821 2085 ad
860 2020 1248 2104 adspectum
1303 2028 1373 2081 et
1423 2018 1786 2084 ridiculum
1832 2032 1897 2084 et
1954 2019 2384 2105 admirabile3

266 2136 439 2216 ,pm
481 2122 968 2201 consuetudim-1>¹
1005 2120 1183 2185 enim
1224 2118 1470 2207 prioris
1516 2121 1689 2188 vitae
1726 2144 1811 2186 ex
1857 2123 2158 2189 maxima
2195 2139 2388 2212 parte

302 2253 420 2296 eos
448 2227 717 2315 eligere.
744 2223 989 2289 etenim
1014 2225 1082 2286 se
1107 2222 1341 2288 vidiffe
1355 2223 1657 2289 narravit
1683 2225 1988 2290 animum
2020 2226 2136 2312 qui
2167 2249 2391 2314 quon-

303 2333 458 2399 dam
509 2329 767 2416 Orphei
805 2328 1025 2393 fuifiet
1062 2328 1256 2414 cycni
1286 2326 1497 2391 vitam
1542 2328 1892 2412 eligentem
1934 2328 2089 2394 odio
2140 2332 2392 2398 mulie..

302 2436 443 2501 bris
475 2436 667 2499 sexus
685 2480 704 2514 ,
749 2443 1034 2518 propter
1060 2441 1356 2495 mortem
1392 2430 1475 2495 ab
1502 2428 1635 2494 illis
1665 2428 1920 2492 illatam
1946 2429 2282 2504 nolentem
2317 2435 2394 2500 in

304 2535 594 2604 muliere
624 2545 1060 2621 procreatum
1087 2532 1303 2614 nasci3
1347 2531 1581 2597 vidiffe
1608 2549 1814 2617 porro
1829 2530 2218 2619 Thamyrae
2243 2538 2397 2603 ani-

309 2661 508 2706 mum
536 2634 854 2701 lusciniae
902 2634 1116 2698 vitam
1156 2633 1551 2719 eligentem·
1533 2678 1554 2710 ,
1595 2632 1827 2698 vidifl'e
1870 2632 2069 2699 etiam
2103 2659 2395 2724 cycnum

309 2740 398 2808 ad
431 2739 767 2820 humanae
815 2736 998 2800 vitae
1044 2735 1440 2800 electionem
1489 2737 1554 2799 se
1584 2747 2122 2816 convertentem,
2168 2753 2233 2806 et
2265 2739 2398 2806 alia

308 2829 682 2909 animantia
721 2841 985 2905 mufica·
1010 2837 1288 2920 itidem,
1332 2848 1410 2902 ut
1444 2840 1962 2904 consentaneum
2012 2841 2185 2907 effet.
2245 2845 2400 2909 ani-

258 2972 271 3014 ε
309 2968 503 3012 :mum
542 2966 708 3008 vero
765 2941 955 3007 cuius
1011 2944 1153 3006 sors
1200 2940 1547 3007 excidisset
1600 2942 1812 3007 leonis
1853 2942 2108 3028 elegisse
2147 2945 2399 3026 vitam3

311 3046 506 3113 iuiffe
534 3056 758 3110 autem
794 3044 972 3109 hunc
1000 3044 1218 3111 Aiacis
1236 3044 1636 3132 Telamonis
1667 3044 1823 3125 filii,
1869 3043 2239 3128 fugientem
2269 3048 2402 3112 ho·-

313 3148 514 3217 :minis
542 3125 783 3227 vitam,
811 3170 1189 3235 memorem
1208 3168 1559 3216 armorum
1586 3094 1847 3212 iudicii.
1876 3148 2210 3242 posthunc
2239 3170 2401 3215 vero

314 3250 879 3335 Agamemnonis;
925 3251 1078 3315 odio
1106 3250 1293 3314 hunc
1320 3271 1589 3337 quoque
1619 3250 1904 3320 humani
1941 3251 2203 3335 generis
2231 3272 2404 3335 pro·-

316 3363 473 3438 'pter
517 3352 695 3417 m‘ala
736 3372 909 3437 quae
961 3351 1022 3415 ei
1066 3330 1444 3416 accidissent
1491 3351 1753 3437 aquilae
1804 3353 2134 3438 sumpsisse
2172 3349 2401 3415 vitam.

320 3453 664 3522 Atalantes
692 3475 857 3518 vero
888 3452 1230 3535 animum,
1269 3454 1462 3521 cuius
1490 3456 1633 3519 sors
1669 3454 1742 3518 in
1768 3453 2005 3518 mediis
2050 3450 2413 3531 excidisset,

320 3577 543 3642 quum
596 3576 872 3640 magnos
911 3556 1196 3620 athletae
1244 3556 1375 3621 viri
1421 3555 1855 3645 conspexisset
1888 3554 2209 3630 honores,
2267 3572 2410 3615 non

318 3659 602 3747 potuiffe
644 3657 1046 3745 praeterire,
1089 3658 1201 3722 sed
1250 3660 1606 3748 [umpfiffe.
1666 3656 1808 3743 post
1848 3654 2031 3718 hunc
2072 3662 2298 3718 autem
2345 3655 2412 3718 se

323 3761 559 3827 vidifl'e
573 3759 746 3849 Epei
767 3759 1062 3850 Panopei
1099 3759 1406 3828 animum
1437 3762 1507 3827 in
1538 3754 1932 3826 artificiosae
1959 3754 2261 3823 mulieris
2291 3758 2416 3825 ab·

331 3874 604 3929 euntem
645 3874 1006 3947 naturam3
1066 3866 1305 3953 procul
1346 3876 1571 3930 autem
1635 3858 1709 3921 in
1756 3854 2011 3920 Ultimis
2069 3859 2136 3923 se
2187 3862 2417 3930 vidisse

335 3963 655 4030 Thersitis
682 3963 956 4030 scurrae
974 3967 1282 4033 animum
1310 3965 1538 4032 fimiae
1555 3959 1840 4046 speciem
1858 3959 1971 4025 fibi
1999 3961 2413 4029 induentem.

332 4066 568 4134 'Ulixis
598 4073 766 4137 vero
796 4068 1140 4152 animum,
1184 4065 1375 4133 cuius
1400 4065 1536 4133 sors
1576 4062 1727 4129 casu
1762 4063 2068 4134 omnium
2096 4057 2422 4154 postrema
