2738 4600
1082 317 1585 390 TIMAEUS.
2252 270 2381 410 {75

295 503 645 574 circuitus.
690 499 815 565 has
844 493 1051 583 igitur
1082 492 1263 582 sequi
1305 503 1574 581 oportet
1601 499 1975 582 quemque,
2020 508 2098 563 ut
2126 495 2374 564 circui.·.

299 622 410 676 tus
436 608 509 673 in
535 603 752 691 capite
779 600 1001 665 nostro
1031 618 1159 685 per
1204 605 1432 660 ortum
1460 609 1812 685 corruptos
1861 601 2175 666 emendet
2211 601 2375 667 uni-

296 714 467 779 verfi
496 702 887 775 harmonias
916 711 979 764 et
1006 697 1323 764 circuitus
1350 699 1789 785 perspiciens,
1817 702 2125 767 universo
2165 703 2375 769 intel-

294 817 470 882 lecto
497 803 912 892 intelligendi
960 802 1099 867 vim
1130 801 1407 866 fimilem
1451 798 1695 864 efficiat
1727 801 2101 893 ⁶fecundum
2142 803 2374 894 pristi-
2470 836 2477 842 ·

298 939 464 983 nam
495 924 832 987 naturam,
863 916 929 969 et
952 905 1130 978 hanc
1162 927 1284 991 per
1310 900 1807 972 fimilitudinem
1837 900 2043 970 finem
2070 910 2373 994 assequa-

273 1031 421 1100 ,tur
471 1016 648 1080 vitae
689 1008 1001 1096 {optimae
1062 1005 1446 1070 hominibus
1487 1028 1528 1070 a
1571 1002 1697 1078 diis
1751 1007 2134 1093 propositae
2190 1010 2373 1077 etin

298 1137 613 1208 praesens
643 1123 709 1177 'et
738 1111 811 1175 in
839 1111 1175 1196 posterum
1208 1123 1490 1191 tempus.

466 1220 611 1286 Iam
642 1236 804 1282 vero
833 1234 1022 1285 nunc
1040 1231 1209 1296 quae
1237 1208 1426 1273 initio
1453 1207 1908 1276 constituimus
1936 1210 2258 1282 disserere
2285 1221 2372 1288 de

296 1320 610 1389 universo
640 1337 852 1402 usque
888 1311 973 1375 ad
1020 1321 1243 1374 ortum
1290 1310 1670 1376 humanum
1700 1312 1788 1377 ad
1813 1312 2017 1380 finem
2046 1317 2375 1390 videntur

294 1424 444 1491 fere
481 1420 807 1511 perducta
850 1418 993 1480 effe.
1050 1411 1313 1495 reliqua
1355 1419 1587 1477 autem
1627 1414 1999 1482 animantia
2034 1425 2371 1507 quomodo

294 1533 652 1615 procreata
691 1520 851 1596 sint,
896 1515 1086 1580 brevi
1131 1513 1685 1590 memorandum,
1729 1514 1847 1579 nisi
1884 1516 2059 1584 forte
2096 1528 2371 1592 neceffi-

298 1641 403 1693 tas
444 1621 728 1711 postulat
767 1631 843 1685 ut
876 1618 1087 1699 fufius
1117 1616 1568 1708 disputemus;
1611 1619 1695 1681 fic
1733 1617 1916 1683 enim
1958 1622 2370 1693 moderatior

300 1724 538 1809 aliquis
570 1723 849 1787 fimimet
883 1720 1000 1809 ipsi
1043 1717 1348 1790 videatur
1377 1719 1450 1783 in
1484 1718 1587 1783 his
1630 1719 2044 1806 exponendis
2076 1729 2216 1792 effe.
2274 1728 2372 1796 ita

297 1828 507 1916 igitur
532 1825 662 1890 hoc
690 1822 1079 1912 explicetur.
1170 1819 1495 1887 Virorum
1530 1833 2036 1907 procreatorum
2069 1828 2370 1910 quicum.

299 1951 433 2016 que
475 1926 703 2014 ignavi
741 1924 1007 1989 fuerant
1062 1920 1408 2007 vitamque
1452 1921 1687 1988 iniuste
1747 1923 2226 2011 traduxerant,
2285 1953 2373 1997 ex

299 2032 607 2098 oratione
649 2023 994 2108 verisimili
1029 2023 1101 2088 in
1140 2024 1460 2089 mulieres
1501 2024 1915 2091 transierunt
1956 2026 2033 2092 in
2080 2032 2369 2100 secundo

298 2145 479 2200 ortu.
518 2144 583 2196 et
620 2132 735 2195 illo
772 2126 1056 2214 ‚quidem
1104 2138 1417 2215 tempore
1449 2126 1623 2192 hanc
1651 2127 1737 2192 ob
1769 2130 2035 2209 causam
2062 2132 2154 2197 dii
2201 2157 2373 2201 con-

300 2232 666 2302 cumbendi
693 2229 1129 2318 cupiditatem
1163 2239 1575 2316 genuerunt,
1622 2230 1877 2295 animal
1907 2254 2118 2299 unum
2147 2234 2222 2302 in
2252 2261 2371 2305 no-

296 2339 399 2404 bis
428 2388 456 2420 ,
528 2338 817 2402 alterum
866 2333 939 2396 in
988 2330 1384 2397 mulieribus
1448 2333 1918 2409 constituentes
1965 2336 2369 2420 animatum,

206 2463 209 2466 ’
294 2441 426 2507 hac
468 2438 734 2504 ratione
764 2435 1087 2522 fingentes
1123 2444 1511 2518 utrumque.
1556 2446 1756 2521 potus
1789 2435 2145 2504 transitum
2168 2483 2190 2511 ,
2234 2460 2373 2524 qua

295 2564 421 2628 per
477 2541 874 2627 pulmonem
936 2536 1118 2624 potio
1173 2536 1296 2599 sub
1335 2557 1532 2600 renes
1584 2536 1903 2622 pervenit
1951 2534 2023 2599 in
2082 2540 2365 2604 vesicam
2396 2540 2402 2553 '

297 2664 472 2726 quae
503 2663 652 2704 eam
680 2638 953 2726 suscipit
981 2638 1177 2720 aet-eq
1190 2659 1272 2699 ue
1299 2641 1736 2724 compressam
1764 2659 1906 2701 una
1935 2638 2199 2722 emittit,
2216 2664 2372 2730 per-

299 2740 615 2807 forarunt
642 2740 716 2803 in
747 2739 1114 2804 medullam
1152 2759 1236 2801 ex
1264 2738 1484 2824 capite
1506 2738 1578 2801 in
1606 2736 1930 2804 cervicem
1968 2752 2036 2803 et
2077 2763 2203 2828 per
2233 2742 2377 2830 spi,-

299 2866 459 2910 nam
498 2853 949 2926 compactam,
996 2837 1175 2925 quod
1222 2837 1497 2921 quidem
1529 2841 1757 2907 semen
1798 2840 1869 2905 in
1903 2841 2208 2909 oratione
2254 2847 2372 2910 su·-

295 2944 560 3032 periore
599 2942 931 3023 diximus3
980 2941 1110 3005 hoc
1143 2952 1408 3015 autem,
1455 2942 1704 3030 quippe
1735 2942 2111 3009 animatum
2150 2956 2217 3010 et
2257 2969 2374 3012 re..

298 3047 593 3134 spirans,
643 3045 703 3109 ei
735 3045 907 3133 parti
936 3065 1069 3131 qua
1116 3042 1400 3128 respirat
1438 3042 1750 3110 effluendi
1794 3045 2064 3111 vitalem
2106 3048 2374 3134 cupidi·-

300 3158 504 3213 tatem
538 3144 838 3220 iniiciens
862 3144 1228 3232 generandi
1256 3167 1560 3227 amorem
1593 3147 2003 3230 procreavit.
2059 3148 2375 3230 quocirca

300 3248 606 3315 virorum
647 3249 923 3334 quidem
971 3245 1363 3331 genitalium
1418 3258 1663 3311 natura
1716 3245 1894 3312 haud
1941 3248 2260 3314 obediens
2306 3261 2378 3313 et

300 3350 691 3439 imperiosa,
731 3347 915 3410 velut
954 3345 1201 3412 anima]
1259 3348 1504 3415 rationi
1551 3370 1691 3416 non
1724 3371 1999 3438 parem,
2061 3351 2375 3415 omnibus

300 3474 432 3540 per
481 3449 876 3537 cupiditates
928 3445 1209 3513 furiosas
1260 3462 1543 3513 conatur
1595 3449 1828 3537 potiri3
1893 3462 1958 3514 et
2006 3453 2375 3519 mulierum

299 3572 572 3640 quoque
598 3550 847 3614 matrix
866 3561 934 3613 et
959 3550 1170 3615 vulva
1201 3571 1375 3635 quae
1404 3549 1647 3616 dicitur
1672 3552 1939 3617 easdem
1961 3550 2084 3615 has
2111 3554 2196 3618 ob
2224 3575 2377 3619 cau·

297 3655 436 3737 sas,
477 3675 693 3740 quum
729 3654 983 3719 animal
1024 3652 1103 3717 fit
1130 3650 1499 3723 liberorum
1543 3654 2119 3739 procreandorum
2157 3677 2377 3745 appe-

297 3768 469 3835 tens,
502 3755 770 3843 quando
794 3751 1024 3819 sterilis
1052 3765 1324 3842 praeter
1354 3766 1623 3844 tempus
1655 3754 1901 3819 diutius
1933 3768 2184 3831 manet,
2229 3781 2376 3846 gra·

299 3858 479 3924 viter
504 3869 571 3923 et
594 3857 866 3942 indigne
887 3854 962 3919 id
989 3853 1166 3936 fert,
1213 3877 1457 3942 vagans
1493 3865 1710 3922 totum
1749 3878 1872 3949 per
1903 3877 2151 3944 corpus
2180 3858 2378 3947 spiri-

298 3972 545 4049 tusque
574 3972 839 4033 meatus
863 3957 1239 4044 obstruens,
1283 3967 1351 4024 et
1379 3958 1707 4045 respirare
1734 3979 1872 4024 non
1912 3959 2127 4026 sinens
2149 3962 2219 4027 in
2250 3985 2379 4029 an—

1823 4112 2045 4232 Sa=
