2738 4600
1090 332 1533 412 Pom‘rm
1583 324 1736 412 1x,‘
2407 341 2454 410 5

371 513 715 586 manifesto
781 512 1338 603 deprehenditur.
1407 513 1547 582 iam
1602 513 1763 582 vide
1806 537 1976 585 num
2012 512 2176 604 quid
2213 513 2460 583 videar

373 621 592 686 dicere
650 630 716 683 et
761 629 838 682 tu
883 616 1265 683 assentiare.
1367 618 1547 686 Sane
1604 620 1943 688 assentior·
2040 618 2453 710 Popularem

366 746 536 790 vero
579 720 942 787 recordare
975 720 1245 805 qualem
1284 721 1663 788 dixerimus
1714 724 1860 788 effe.
1923 734 2069 790 erat
2111 732 2346 790 autem
2392 720 2451 787 is

324 836 327 839 ’
365 848 575 916 parco
605 835 802 913 patre
831 836 1030 888 natus
1056 836 1123 889 et
1151 850 1194 891 a
1225 851 1446 919 puero
1476 829 1561 894 ab
1601 829 1717 894 illo
1760 825 2118 907 educatus,
2159 825 2278 912 qui
2322 847 2454 891 cu·-

365 928 678 1017 piditates
707 926 982 1013 quidem
1011 929 1093 995 ad
1136 934 1484 1015 quaestum
1522 930 1910 998 faciendum
1937 930 2303 1020 propensas
2329 950 2453 994 co-

363 1032 544 1098 leret
584 1030 788 1110 solas,
834 1051 942 1095 eas
987 1052 1155 1097 vero
1197 1056 1369 1121 quae
1406 1056 1547 1101 non
1581 1036 1735 1100 sunt
1759 1033 2179 1118 necessariae,
2220 1032 2334 1098 sed
2364 1030 2453 1098 ad

368 1133 597 1203 iocum
651 1143 714 1196 et
756 1131 964 1197 decus
1001 1135 1349 1222 spectant,
1408 1147 1915 1204 contemneretz
1985 1134 2263 1202 nonne?
2325 1134 2452 1201 Itac

368 1233 946 1304 Consuetudinem
992 1257 1160 1304 vero
1208 1241 1374 1307 dum
1417 1238 1743 1329 iungebat
1786 1261 1945 1306 cum
1988 1239 2152 1306 viris
2176 1235 2456 1325 politio-

366 1340 557 1408 ribus
590 1359 960 1424 earumque
1003 1362 1170 1426 quas
1195 1343 1397 1409 modo
1428 1340 1963 1411 memoravimus
2002 1338 2451 1430 cupiditatum

367 1442 622 1532 pleniS,
681 1441 1237 1529 progrediebatur
1280 1445 1366 1511 ad
1418 1468 1692 1512 omnem
1742 1444 2253 1536 protervitatem
2290 1440 2452 1506 illa-

368 1567 660 1632 rumque
710 1565 924 1630 genus
982 1547 1137 1615 odio
1194 1560 1549 1637 permotus
1579 1534 1936 1638 ‘paternae
1987 1542 2453 1638 parfimoniae,

366 1646 719 1733 ingenium
754 1669 916 1717 vero
955 1651 1111 1737 quia
1148 1653 1444 1719 habebat
1482 1653 1722 1724 melius
1765 1664 1969 1741 quam
1997 1657 2451 1736 corruptores,

366 1751 446 1825 in
486 1761 849 1836 utramque
903 1765 1174 1839 partem
1227 1766 1486 1821 tractus
1537 1756 1805 1821 medius
1846 1750 2227 1821 confistebat
2269 1747 2454 1813 inter

366 1865 690 1942 utrasque
726 1853 1008 1920 vivendi
1046 1855 1384 1938 rationes,
1427 1855 1716 1941 ideoque
1751 1857 2059 1933 modice,
2113 1862 2193 1916 ut
2231 1846 2458 1913 existi-

366 1956 637 2037 mabat,
679 1967 976 2037 utraque
1004 1957 1165 2023 usus
1195 1979 1417 2044 neque
1450 1956 1845 2024 illiberalem
1874 1976 2094 2043 neque
2123 1978 2164 2021 a
2197 1950 2456 2038 legibus
2513 2014 2522 2019 ,

367 2058 676 2125 aversam
707 2055 992 2141 degebat
1016 2058 1257 2140 vitam,
1297 2056 1647 2149 popularis
1676 2083 1713 2126 e
1741 2059 1888 2126 viro
1915 2077 2296 2149 paucorum
2325 2054 2454 2120 do-

368 2157 770 2230 minationis
803 2158 1046 2247 oupido
1071 2157 1303 2226 factus.
1348 2160 1521 2226 Erat
1545 2161 1720 2242 sane,
1751 2160 1995 2248 inquit,
2019 2172 2087 2226 et
2106 2160 2194 2225 est
2217 2158 2348 2224 hoc
2368 2154 2453 2222 de

366 2261 702 2332 eiusmodi
733 2260 880 2329 viro
912 2261 1258 2336 iudicium.
1346 2266 1536 2335 Pone
1575 2264 1819 2355 igitur,
1858 2264 2195 2353 inquam,¹
2220 2261 2453 2328 rursus

365 2369 574 2439 huius
601 2366 735 2433 iam
761 2365 1040 2432 senioris
1076 2364 1235 2435 facti
1265 2366 1489 2436 filium
1520 2369 1842 2436 iuvenem
1865 2368 1938 2432 in
1967 2368 2165 2456 ipfius
2181 2377 2454 2452 quoque

366 2470 670 2543 moribus
716 2465 1097 2537 educatum·
1188 2471 1398 2538 Pono.
1498 2472 1599 2540 Ao
1637 2493 1819 2560 pone
1869 2469 2101 2536 eadem
2138 2468 2255 2534 illa
2292 2464 2454 2531 huic

367 2576 691 2648 accidere,
736 2593 907 2654 quae
939 2572 1082 2638 eius
1101 2573 1279 2663 patri
1311 2574 1719 2650 acciderant,
1766 2584 1845 2638 ut
1873 2572 2183 2640 trahatur
2210 2571 2283 2637 in
2299 2592 2455 2637 om·-

364 2702 533 2747 nem
557 2680 789 2764 legum
817 2672 1247 2743 violationem
1266 2726 1286 2760 ,
1343 2678 1594 2745 dictam
1634 2700 1675 2744 a
1721 2675 2149 2744 trahentibus
2174 2675 2454 2743 liberta-

366 2792 514 2848 tem
557 2800 852 2858 omnem,
896 2788 965 2842 et
1002 2777 1338 2846 auxilium
1378 2780 1565 2868 ferre
1607 2780 1848 2847 mediis
1890 2779 2022 2846 illis
2058 2774 2455 2867 cupiditati-

349 2884 495 2949 -bus
526 2894 789 2972 patrem
821 2878 1260 2968 reliquosque
1291 2882 1741 2974 propinquos,
1770 2882 1921 2950 illos
1949 2904 2124 2949 vero
2150 2879 2268 2966 qui
2282 2898 2455 2944 con-

363 2985 656 3052 trarium
688 2983 749 3047 ei
776 2981 1001 3048 ferant
1034 2982 1629 3074 auxilium,.quum
1663 2997 1909 3075 putent
1934 3006 2171 3073 graves
2199 2979 2276 3046 hi
2301 3001 2455 3046 ma-

336 3115 353 3130 *
365 3088 439 3178 gi
472 3098 537 3153 et
568 3085 840 3174 tyranni
883 3083 1234 3152 effectores
1280 3111 1422 3154 non
1469 3088 1664 3159 aliter
1690 3087 1757 3151 se
1783 3099 2163 3154 retenturos
2189 3086 2314 3150 effe
2339 3081 2456 3146 iu-

365 3211 636 3272 venem,
679 3188 750 3254 id
780 3209 980 3274 agere
1006 3200 1084 3255 ut
1124 3212 1429 3256 amorem
1469 3190 1756 3278 aliquem
1790 3189 1851 3255 ei
1879 3188 2203 3269 iniiciant,
2247 3206 2456 3274 prae-

365 3293 627 3360 fectum
666 3292 975 3377 segnium
1023 3304 1092 3357 et
1136 3293 1564 3380 poffefsiones
1609 3292 2070 3382 disfipantium
2117 3287 2456 3377 cupidita-

365 3407 550 3480 tum,
592 3395 939 3462 volucrem
978 3416 1439 3484 magnumque
1475 3393 1718 3462 ¹fucum
1755 3395 2133 3483 quendam:
2172 3414 2262 3457 an
2291 3386 2457 3474 quid

364 3498 552 3566 aliud
593 3499 813 3564 censes
873 3487 1000 3563 effe
1058 3495 1392 3564 eiusmodi
1436 3495 1793 3566 hominum
1852 3493 2209 3565 amorem?
2269 3489 2458 3559 Nihil

365 3599 705 3687 equidem,
737 3598 985 3685 inquit,
1030 3598 1152 3665 nifi
1179 3599 1333 3667 hoc.
1378 3598 1641 3683 Nonne,
1686 3621 1904 3688 quum
1941 3596 2241 3683 reliquae
2281 3616 2456 3681 quo-
2547 3637 2556 3641 -

366 3724 503 3791 que
535 3699 934 3788 cupiditates
976 3701 1308 3770 bombum
1341 3702 1524 3772 circa
1558 3724 1720 3770 eum
1764 3698 2088 3766 facientes
2122 3707 2190 3762 et
2220 3697 2466 3765 odori--

363 3804 491 3870 bus
537 3802 937 3888 affluentes,
979 3805 1374 3893 unguentis,
1416 3806 1707 3883 coronis,
1752 3801 1928 3868 vinis
1976 3801 2458 3892 acvoluptati-

363 3907 494 3976 bus
539 3928 717 3995 quae
760 3906 837 3972 in
883 3906 1211 3976 eiusmodi
1261 3897 1716 3995 congresfibus
1762 3901 2100 3990 agitantur
2132 3902 2460 3973 dissolutis

361 4030 579 4098 usque
609 4009 694 4080 ad
723 4020 1110 4078 extremum
1138 4021 1478 4078 auxerunt
1510 4020 1580 4076 et
1608 4006 2078 4079 nutriverunt·
2095 4004 2472 4100 appetitio-¹
