2738 4600
1085 320 1609 394 TlMAEUS.·
1702 322 1707 326 ’
2254 323 2380 414 247

295 496 419 561 nes
437 496 908 611 replerentur.
946 491 1289 581 reliquum
1316 517 1483 562 vero
1514 500 1733 564 naffae
1758 497 2193 584 complexum
2226 520 2383 562 cor-

297 596 455 685 pori
480 597 702 664 nostro
728 610 1064 686 quantum
1093 597 1232 662 eius
1258 621 1503 664 cavum
1537 609 1684 663 erat
1709 600 1808 662 cii
1813 599 2144 679 cumiecit,
2179 610 2250 664 et
2270 610 2383 664 to-

297 712 444 764 tum
492 700 767 787 quidem
811 702 991 767 hunc
1030 701 1125 765 ita
1170 698 1375 765 finxit
1431 711 1508 765 ut
1555 700 1759 766 modo
1811 700 1887 765 in
1931 704 2387 768 convexitatee

297 800 596 869 molliter
630 802 1002 870 conflueret
1030 799 1285 892 quippe
1315 824 1490 890 quae
1517 802 1637 869 aer
1669 808 1891 883 effent,
1923 805 2123 871 modo
2143 805 2384 872 reflue-

297 915 458 969 rent
486 904 970 985 convexitatee,
1011 903 1374 969 reticuium
1406 927 1607 988 vero,
1651 908 1984 991 quoniam
2001 927 2248 995 corpus
2281 928 2392 973 ra·

298 1026 462 1069 rum
497 1010 679 1087 estet,
722 1006 795 1071 in
820 1005 957 1103 -hoc
982 1004 1267 1073 intraret
1300 1009 1672 1096 rursusque
1703 1010 2150 1096 egrederetur,
2190 1019 2260 1072 et
2284 1008 2395 1094 ig-

301 1106 408 1171 nis
450 1105 796 1174 interiores
841 1108 1015 1176 radii
1060 1109 1391 1175 constricti
1430 1112 1872 1199 Sequerentur
1917 1113 1989 1179 in
2029 1122 2393 1196 utramque

298 1219 569 1294 partem
598 1211 826 1278 a'e'rem
857 1211 1440 1299 progredientem,
1483 1213 1723 1302 idque,
1767 1214 2092 1302 quamdiu
2121 1224 2394 1279 morta-

298 1310 366 1388 le
416 1312 667 1379 animal
722 1317 1133 1395 consisteret,
1202 1336 1340 1379 non
1388 1307 1713 1397 desineret
1761 1318 1932 1385 fieri.
2009 1316 2166 1383 huic
2213 1331 2388 1382 vero'

289 1413 527 1496 ‘generi
562 1416 683 1499 qui
725 1414 1013 1484 nomina
1036 1416 1439 1503 imposuerit
1480 1419 1927 1506 respirationis
1967 1432 2035 1485 et
2079 1418 2388 1508 exspira-

300 1515 499 1582 tionis
530 1517 876 1583 vocabulis
903 1518 971 1583 id
1006 1516 1295 1584 dicimus
1325 1524 1755 1606 nuncupasse.
1801 1542 2006 1585 omne
2034 1521 2241 1606 igitur
2259 1518 2394 1584 hoo

301 1641 474 1706 opus
523 1620 875 1707 omnisque
910 1619 1180 1704 affectio
1224 1619 1391 1686 haec
1448 1620 1714 1708 coipori
1767 1624 1991 1687 nostro
2034 1615 2274 1708 obtigit
2317 1629 2392 1685 ut

302 1721 366 1785 ir
371 1721 688 1818 rigatum
696 1733 764 1785 et
806 1701 1283 1813 refrigeratum
1315 1724 1614 1789 aleretur
1657 1735 1729 1788 et
1770 1723 2076 1837 viveret3
2121 1718 2393 1808 quando

302 1823 487 1888 enim
530 1824 966 1910 respiratione
999 1825 1417 1914 ingiediente
1443 1835 1510 1889 et
1552 1824 1938 1912 egrediente
1986 1822 2159 1909 ignis
2202 1821 2390 1888 intus

304 1948 613 2008 annexus
644 1927 961 2013 seqnitur,
993 1930 1251 1995 sursum
1280 1950 1447 1993 vero
1479 1928 1791 1993 deorsum
1818 1924 2101 2014 agitatus
2126 1925 2392 2014 semper

303 2052 430 2116 per
458 2028 698 2096 alvum
731 2053 940 2116 quum
971 2030 1259 2112 intravit
1287 2029 1470 2097 cibos
1513 2041 1579 2097 et
1619 2042 1818 2118 petus
1853 2025 2390 2115 comprehendit,

301 2129 654 2219 liquefacit
698 2156 843 2217 eos,
906 2146 975 2199 et
1011 2135 1178 2201 dum
1211 2131 1600 2200 minutatim
1645 2131 1938 2198 concisos
1982 2151 2112 2219 per
2165 2130 2386 2194 exitus

302 2257 427 2326 per
469 2256 634 2321 quos
666 2247 849 2305 meat
890 2237 1216 2314 traducit,
1261 2248 1606 2326 tamquam
1631 2258 1670 2300 e
1697 2233 1889 2302 sonte
1915 2233 1991 2313 in
2019 2232 2280 2298 canales
2312 2230 2388 2296 in

301 2361 511 2403 venas
555 2361 669 2405 eos
697 2338 992 2405 infundit
1020 2364 1231 2430 eoque
1246 2341 1450 2409 efficit
1480 2351 1560 2405 ut
1600 2362 1730 2428 per
1763 2359 2008 2427 corpus
2036 2335 2221 2423 quafi
2244 2348 2386 2423 ‘per

300 2464 513 2529 aquae
551 2440 834 2509 ductum
864 2463 1197 2511 venarum
1224 2443 1448 2510 fluant
1484 2440 1640 2519 rivi,

474 2646 733 2712 Rursus
779 2644 1242 2732 respirationis
1279 2645 1639 2711 videamus
1667 2640 2097 2708 affectionem
2145 2639 2387 2726 quibus

303 2749 390 2816 de
431 2747 643 2813 caulis
694 2745 839 2812 talis
881 2746 1201 2812 exstiterit
1240 2746 1457 2832 qualis
1497 2769 1683 2812 nunc
1730 2747 1838 2812 efl.
1895 2743 2219 2830 quoniam
2256 2767 2388 2810 va-

301 2872 511 2917 cuum
551 2846 723 2912 nihil
772 2849 860 2913 est
897 2847 973 2914 in
1018 2847 1195 2938 quod
1238 2871 1476 2914 eorum
1517 2848 1676 2935 quid
1713 2869 1888 2935 quae
1918 2846 2242 2913 feruntur
2269 2847 2387 2912 in·-

301 2964 484 3031 1rare
512 2950 742 3041 poffit,
799 2949 1074 3037 spiritus
1100 2962 1330 3017 autem
1362 2951 1583 3016 noster
1614 2948 1792 3017 foras
1822 2949 2085 3032 fertur,
2140 2950 2385 3035 cuique

300 3056 437 3122 iam
478 3062 667 3141 patet
704 3073 863 3118 eum
904 3075 1048 3125 non
1100 3054 1174 3120 in
1229 3076 1520 3120 vacuum
1565 3052 1788 3135 abire,
1851 3053 1960 3118 fed
1999 3050 2300 3118 vicinum
2344 3073 2384 3118 e
2466 3090 2479 3103 «

299 3157 450 3223 sede
480 3155 597 3220 fua
632 3154 921 3241 pellere,
962 3157 1228 3243 pulsum
1259 3180 1426 3224 vero
1472 3156 1716 3222 eiicere
1714 3154 2149 3256 ploximum
2177 3152 2384 3242 quid-

301 3281 470 3344 que,
526 3267 592 3320 et
628 3255 755 3320 hac
800 3280 889 3323 ex
914 3260 1323 3335 necestitate,
1384 3257 1705 3345 quiequid
1733 3257 2150 3342 exagitetur,
2207 3257 2272 3320 id
2306 3254 2384 3323 in.

299 3361 522 3425 sedem
558 3381 594 3422 e
620 3377 755 3444 qua
781 3360 1054 3450 spiritus
1083 3364 1369 3448 egressus
1398 3358 1626 3440 fuerit,
1658 3358 1917 3425 intrans
1949 3377 2232 3473 eamque
2256 3356 2382 3420 im-

299 3456 493 3551 plens
525 3457 704 3544 sequi
735 3463 1043 3549 spiritum
1059 3486 1080 3544 3
1126 3474 1193 3526 et
1219 3462 1349 3527 hoc
1379 3473 1600 3530 totum
1626 3463 1810 3528 velut
1836 3464 1882 3527 fi
1908 3473 2056 3527 rota
2083 3456 2382 3526 circum-

298 3576 538 3653 agatur
579 3563 775 3627 simul
830 3562 980 3629 fieri
1033 3576 1391 3654 propterea
1454 3567 1636 3652 quod
1697 3565 1873 3632 nihil
1925 3565 2002 3628 fit
2053 3581 2373 3625 vacuum.

301 3668 619 3757 quocirca
649 3665 934 3755 pectoris
977 3679 1046 3732 et
1074 3667 1417 3753 pulmonis
1443 3668 1716 3758 spiritus
1750 3666 1934 3732 foras
1980 3664 2241 3731 emifl‘us
2289 3662 2373 3728 ab

298 3772 456 3839 ae're
491 3767 607 3857 qui
649 3790 892 3855 corpus
930 3768 1456 3854 circumfundit,
1498 3793 1624 3859 per
1665 3790 1856 3836 raras
1904 3788 2137 3834 carnes
2173 3765 2382 3834 intrat

302 3882 371 3938 et
414 3868 923 3956 circumagitur,
974 3870 1224 3937 iterum
1260 3873 1568 3960 repletur
1582 3898 1605 3954 3
1660 3872 1892 3937 rursus
1932 3890 2095 3934 vero
2142 3868 2382 3958 depul-

298 3976 406 4039 sus
437 3974 552 4041 aer
605 3984 673 4038 et
707 3996 834 4063 per
862 3973 1324 4064 corpus'foras
1358 3976 1676 4043 emanans
1720 3970 2231 4063 respirationem
2275 3974 2380 4039 in-
