2738 4600
1005 315 1719 399 '.T1MAEUS·.:
1892 363 1901 368 -
2088 332 2101 338 ’
2280 332 2402 419 267

245 551 248 552 ν
320 504 451 570 bus
481 502 787 568 decausis
805 498 1169 568 exsistimus
1201 502 1488 570 minime
1520 525 1558 566 e
1586 503 1937 569 voluntate
1963 504 2182 568 nostra
2211 495 2402 592 aptis.

325 627 615 693 quorum
667 604 939 691 quidem
978 605 1176 693 culpa
1219 605 1731 693 procreantibus
1777 606 2154 691 quibusque
2190 606 2408 702 magis

324 707 755 774 attribuenda
795 709 883 773 est
928 730 1135 795 quam
1186 709 1552 795 piocreatis
1602 722 1668 774 et
1703 709 2146 810 educantibus
2196 710 2408 794 magis

323 832 535 896 quam
571 805 866 876 educatis
881 858 907 889 ,
954 811 1333 877 conandum
1367 834 1570 884 vero,
1616 783 1958 897 quomodo
1988 812 2138 896 quis
2180 809 2408 897 potest,

322 934 451 1002 per
486 913 952 979 educationem
990 927 1059 979 et
1080 914 1292 979 studia
1318 926 1386 979 et
1417 914 1795 1001 disciplinas
1833 914 2070 1001 fugere
2101 917 2408 1002 pravita-

323 1026 506 1089 tem,
554 1016 959 1083 contrarium
1002 1028 1231 1084 autem
1272 1016 1555 1104 assequi.
1602 1016 1767 1084 haec
1793 1039 1957 1082 vero
1998 1016 2202 1086 aliam
2242 1019 2416 1083 defi-

330 1116 569 1186 derant
595 1119 976 1207 disputandi
1012 1121 1366 1188 rationem.
1783 1140 1787 1145 ·

496 1222 604 1288 De
632 1244 712 1286 eo
742 1235 968 1288 autem
1006 1222 1182 1307 quod
1215 1245 1302 1287 ex
1326 1225 1537 1289 altera
1562 1233 1758 1311 parte
1788 1220 1893 1286 his
1918 1202 2298 1307 respondet,
2332 1221 2416 1288 de

326 1345 696 1410 corporum
728 1337 796 1389 et
828 1324 1308 1411 cogitationum
1341 1327 1689 1392 curatione
1709 1372 1729 1405 ,
1773 1324 2020 1409 quibus
2054 1327 2260 1389 caufis
2289 1325 2418 1390 ad-

327 1424 717 1490 iuvantibus
735 1427 1247 1511 conserventur,
1264 1431 1873 1495 consentaneumet
1889 1427 2296 1500 conveniens
2329 1430 2418 1493 est

313 1527 610 1606 ,vicisfim
640 1528 927 1617 exponi3
959 1529 1230 1616 aequius
1255 1531 1438 1596 enim
1472 1534 1562 1597 est
1595 1531 1934 1596 bonorum
1965 1551 2170 1615 quam
2200 1517 2420 1595 malo-

329 1655 491 1698 rum
518 1633 854 1697 rationem
878 1632 1152 1698 habere.
1181 1655 1386 1697 omne
1413 1634 1617 1717 igitur
1637 1635 1899 1724 honum
1916 1634 2006 1697 est
2026 1629 2420 1720 pulchrum,

333 1734 702 1822 pulchrum
734 1757 892 1799 vero
918 1733 1100 1799 haud
1136 1735 1705 1817 immoderatum,
1728 1736 1958 1820 itaque
1977 1736 2228 1800 animal
2243 1755 2424 1819 quo-

336 1859 470 1922 que
507 1839 637 1903 tale
666 1838 975 1903 futurum
1014 1835 1451 1902 moderatum
1490 1850 1559 1902 et
1592 1841 2000 1908 concinnum
2035 1838 2124 1901 est
2151 1859 2425 1924 ponen-

336 1942 517 2006 dum.
559 1953 627 2006 et
648 1964 739 2006 ex
767 1939 1128 2005 moderatis
1158 1937 1428 2037 quidem
1452 1962 1531 2006 ea
1546 1962 1711 2026 quae
1724 1964 1940 2031 parva
1959 1942 2113 2005 sunt
2129 1939 2426 2028 percipi-

333 2065 489 2109 mus
518 2055 585 2108 et
613 2042 1012 2130 colligimus,
1031 2041 1367 2108 verissima
1399 2053 1633 2108 autem
1653 2042 2035 2108 etmaxima
2055 2042 2239 2107 haud
2256 2064 2426 2107 con-

230 2181 237 2187 ·
335 2145 718 2217 fideramuS.
762 2167 919 2209 nam
953 2146 1036 2209 ad
1066 2142 1384 2209 sani*ates
1415 2158 1483 2210 et
1505 2147 1804 2227 morbosi,
1839 2148 2131 2211 vittutes
2160 2157 2262 2209 et
2255 2168 2428 2233 pra·-

333 2247 573 2314 vitates
611 2247 803 2313 nulla
832 2245 1205 2313 moderatio
1253 2258 1319 2312 et
1348 2247 1684 2315 immodet
1687 2248 1825 2315 atio
1848 2248 2070 2313 maior
2099 2249 2188 2312 est
2219 2241 2427 2341 q'uatn

336 2350 547 2416 animi
588 2352 789 2439 ipfius
816 2349 899 2415 ad
929 2373 1178 2438 corpus
1191 2346 1475 2437 ipsum3
1523 2373 1821 2436 quorum
1858 2350 2031 2416 nihil
2058 2351 2428 2437 perpendi-

337 2474 494 2517 mus
537 2472 756 2543 neque
806 2453 1279 2537 intelligimuS,
1325 2456 1637 2518 animum
1675 2453 2024 2518 robustum
2068 2453 2460 2539 omnibus-2·

342 2575 472 2638 que
488 2555 795 2640 partibus
818 2576 1138 2640 magnum
1155 2554 1550 2621 imbecillior
1563 2554 1923 2642 minorque
1954 2539 2197 2643 spec-ies
2214 2576 2428 2642 quum

343 2655 585 2737 vehat,
633 2679 983 2743 quumque
1020 2659 1359 2739 contrario
1406 2656 1614 2721 modo
1653 2657 1851 2724 ambo
1894 2660 2019 2723 fint
2058 2669 2428 2744 compacta,

341 2779 486 2821 non
521 2758 880 2845 pulchrum
918 2762 1043 2822 esse
1067 2770 1288 2824 totum
1333 2759 1585 2825 animal
1617 2760 2028 2839 (abhorrere
2056 2760 2240 2826 enim
2275 2785 2430 2828 maa

341 2859 534 2925 xima
561 2884 600 2924 a
634 2859 1101 2926 convenientia
1132 2871 1198 2924 et
1225 2860 1738 2943 moderatione),
1761 2863 1829 2928 id
1860 2886 2030 2929 vero
2062 2865 2243 2951 quod
2273 2887 2428 2931 con-

343 2975 451 3027 tra
481 2966 548 3026 se
585 2963 833 3028 habeat
873 2963 1180 3033 omnium
1234 2968 1359 3029 effe
1403 2966 1944 3051 spectaculorum
1991 2966 2054 3029 ei
2101 2964 2431 3055 quiper-

342 3067 598 3154 spicere
624 3067 817 3155 posfit
846 3065 1384 3153 pulcherrimum
1414 3078 1481 3131 et
1509 3067 2068 3133 amabilisfimum.
2092 3067 2431 3168 quemad-
2496 3068 2505 3079 “

344 3170 625 3239 modum
658 3170 869 3254 igitm
909 3190 1155 3255 corpus
1195 3169 1379 3252 quod
1424 3170 1790 3256 grandiora
1826 3170 2032 3235 habet
2080 3192 2281 3261 mura
2325 3171 2435 3236 vel

238 3336 241 3338 ,
346 3272 479 3339 alio
512 3274 836 3359 quopiam
872 3271 1113 3336 habitu
1151 3270 1362 3335 nimio
1394 3271 1709 3336 affectum
1749 3271 1999 3359 sibique
2040 3272 2224 3336 haud
2263 3294 2433 3336 con-

301 3426 308 3433 .
346 3375 623 3440 veniens
668 3397 794 3438 nec
839 3372 1267 3457 moderatum
1314 3374 1402 3437 est
1444 3374 1637 3438 fimul
1694 3372 2005 3438 deforme
2051 3374 2113 3435 se
2156 3372 2434 3453 exhibet

347 3477 677 3560 simulque
715 3474 787 3541 in
852 3454 1163 3541 laborum
1216 3476 1700 3540 communitate
1738 3477 1982 3540 multas
2029 3473 2433 3539 lasfitudines

348 3578 731 3662 multasque
778 3579 1233 3661 convulsiones
1283 3589 1350 3640 et
1401 3589 1680 3665 propter
1723 3575 2178 3659 vacillationes
2212 3577 2437 3662 lapsus

351 3680 560 3747 efficit
590 3678 989 3766 infinitaque
1037 3681 1150 3744 fibi
1198 3680 1378 3744 mala
1411 3678 1654 3760 infert,
1697 3678 1880 3743 idem
1924 3678 2435 3744 existimandum

351 3786 440 3850 est
469 3782 674 3849 etiarn
717 3782 798 3846 de
846 3794 1136 3867 utroque
1175 3781 1568 3862 coniuncto,
1619 3780 1871 3846 animal
1908 3781 2088 3866 quod
2135 3782 2440 3869 appella-

349 3909 538 3951 mus:
584 3882 852 3972 quando
883 3884 1190 3950 videlicet
1229 3886 1299 3950 in
1353 3908 1431 3949 eo
1459 3885 1727 3950 animus
1752 3882 1904 3946 infit
1932 3882 2267 3968 potentior
2296 3905 2439 3949 cor·

350 4010 518 4077 pore
553 3990 1058 4074 exsultansque,
1077 4010 1233 4052 eum
1251 3999 1471 4059 ,totum
1508 3997 1864 4051 concutere
1900 3984 2218 4069 intusque
2249 4008 2443 4053 mor-

352 4090 455 4156 bis
476 4090 798 4178 implere,
848 4102 917 4154 et
947 4111 1158 4176 quum
1190 4090 1275 4156 ad
1307 4087 1681 4176 disciplinas
1707 4085 1977 4180 ⁴aliquae
2019 4099 2085 4151 et
2117 4085 2443 4172 quaestio-
