<?xml version="1.0" encoding="UTF-8"?>
<!DOCTYPE html PUBLIC "-//W3C//DTD XHTML 1.0 Transitional//EN"
    "http://www.w3.org/TR/xhtml1/DTD/xhtml1-transitional.dtd">
<html xmlns="http://www.w3.org/1999/xhtml" xml:lang="en" lang="en">
 <head>
  <title>
</title>
<meta http-equiv="Content-Type" content="text/html;charset=utf-8" />
  <meta name='ocr-system' content='tesseract 3.04.00' />
  <meta name='ocr-capabilities' content='ocr_page ocr_carea ocr_par ocr_line ocrx_word'/>
</head>
<body>
  <div class='ocr_page' id='page_1' title='image "./platonisquaeexs00astgoog_0219.png"; bbox 0 0 2738 4600; ppageno 0'>
   <div class='ocr_carea' id='block_1_1' title="bbox 1044 319 2369 451">
    <p class='ocr_par' dir='ltr' id='par_1_1' title="bbox 1044 319 2369 451">
     <span class='ocr_line' id='line_1_1' title="bbox 1044 319 2369 451; baseline 0 -3"><span class='ocrx_word' id='word_1_1' title='bbox 1044 375 1560 448; x_wconf 79' lang='lat' dir='ltr'><strong>·T1MAEUS.</strong></span> <span class='ocrx_word' id='word_1_2' title='bbox 1660 319 1663 328; x_wconf 21' lang='grc' dir='ltr'>ι</span> <span class='ocrx_word' id='word_1_3' title='bbox 2244 383 2369 451; x_wconf 56' lang='grc' dir='ltr'>Ωιι</span> 
     </span>
    </p>
   </div>
   <div class='ocr_carea' id='block_1_2' title="bbox 287 545 2391 1770">
    <p class='ocr_par' dir='ltr' id='par_1_2' title="bbox 287 545 2391 1770">
     <span class='ocr_line' id='line_1_2' title="bbox 293 545 2380 646; baseline -0.002 -23"><span class='ocrx_word' id='word_1_4' title='bbox 293 545 613 623; x_wconf 61' lang='lat' dir='ltr'>extreme</span> <span class='ocrx_word' id='word_1_5' title='bbox 647 552 1076 627; x_wconf 84' lang='lat' dir='ltr'>exstiterunt,</span> <span class='ocrx_word' id='word_1_6' title='bbox 1137 550 1395 646; x_wconf 85' lang='lat' dir='ltr'>pariter</span> <span class='ocrx_word' id='word_1_7' title='bbox 1436 554 1562 616; x_wconf 84' lang='lat' dir='ltr'>esse</span> <span class='ocrx_word' id='word_1_8' title='bbox 1599 560 1871 639; x_wconf 79' lang='lat' dir='ltr'>oportet</span> <span class='ocrx_word' id='word_1_9' title='bbox 1919 559 2262 636; x_wconf 82' lang='lat' dir='ltr'>extrema,</span> <span class='ocrx_word' id='word_1_10' title='bbox 2308 564 2380 619; x_wconf 83' lang='lat' dir='ltr'>et</span> 
     </span>
     <span class='ocr_line' id='line_1_3' title="bbox 292 651 2380 744; baseline -0.004 -16"><span class='ocrx_word' id='word_1_11' title='bbox 292 660 596 728; x_wconf 82' lang='lat' dir='ltr'><strong>medium</strong></span> <span class='ocrx_word' id='word_1_12' title='bbox 623 657 862 722; x_wconf 84' lang='lat' dir='ltr'><strong>iisdem</strong></span> <span class='ocrx_word' id='word_1_13' title='bbox 909 654 1238 730; x_wconf 74' lang='lat' dir='ltr'><strong>mensuris</strong></span> <span class='ocrx_word' id='word_1_14' title='bbox 1275 652 1360 719; x_wconf 82' lang='lat' dir='ltr'>ab</span> <span class='ocrx_word' id='word_1_15' title='bbox 1408 654 1735 720; x_wconf 78' lang='lat' dir='ltr'>extremis</span> <span class='ocrx_word' id='word_1_16' title='bbox 1757 653 1996 720; x_wconf 78' lang='lat' dir='ltr'><strong>distans</strong></span> <span class='ocrx_word' id='word_1_17' title='bbox 2033 678 2072 720; x_wconf 88' lang='lat' dir='ltr'>e</span> <span class='ocrx_word' id='word_1_18' title='bbox 2105 651 2380 744; x_wconf 77' lang='lat' dir='ltr'>regione</span> 
     </span>
     <span class='ocr_line' id='line_1_4' title="bbox 295 755 2381 846; baseline -0.002 -17"><span class='ocrx_word' id='word_1_19' title='bbox 295 764 604 829; x_wconf 87' lang='lat' dir='ltr'><strong>omnium</strong></span> <span class='ocrx_word' id='word_1_20' title='bbox 636 763 763 825; x_wconf 83' lang='lat' dir='ltr'>effe</span> <span class='ocrx_word' id='word_1_21' title='bbox 795 756 1175 821; x_wconf 66' lang='lat' dir='ltr'>existimare</span> <span class='ocrx_word' id='word_1_22' title='bbox 1205 755 1551 821; x_wconf 74' lang='lat' dir='ltr'>debemus,</span> <span class='ocrx_word' id='word_1_23' title='bbox 1608 757 1902 822; x_wconf 80' lang='lat' dir='ltr'><strong>mundus</strong></span> <span class='ocrx_word' id='word_1_24' title='bbox 1928 756 2135 844; x_wconf 85' lang='lat' dir='ltr'>igitur</span> <span class='ocrx_word' id='word_1_25' title='bbox 2164 781 2381 846; x_wconf 87' lang='lat' dir='ltr'><strong>quum</strong></span> 
     </span>
     <span class='ocr_line' id='line_1_5' title="bbox 292 851 2383 951; baseline -0.002 -20"><span class='ocrx_word' id='word_1_26' title='bbox 292 851 395 932; x_wconf 79' lang='lat' dir='ltr'>ita</span> <span class='ocrx_word' id='word_1_27' title='bbox 432 876 675 929; x_wconf 82' lang='lat' dir='ltr'>natura</span> <span class='ocrx_word' id='word_1_28' title='bbox 715 870 1139 945; x_wconf 76' lang='lat' dir='ltr'>comparatus</span> <span class='ocrx_word' id='word_1_29' title='bbox 1178 860 1289 940; x_wconf 78' lang='lat' dir='ltr'>fit,</span> <span class='ocrx_word' id='word_1_30' title='bbox 1333 859 1657 945; x_wconf 83' lang='lat' dir='ltr'><strong>quidnam</strong></span> <span class='ocrx_word' id='word_1_31' title='bbox 1694 859 2031 926; x_wconf 84' lang='lat' dir='ltr'>dictorum</span> <span class='ocrx_word' id='word_1_32' title='bbox 2069 862 2383 951; x_wconf 68' lang='lat' dir='ltr'>superius</span> 
     </span>
     <span class='ocr_line' id='line_1_6' title="bbox 296 961 2385 1051; baseline -0 -19"><span class='ocrx_word' id='word_1_33' title='bbox 296 967 541 1051; x_wconf 80' lang='lat' dir='ltr'><strong>aliquis</strong></span> <span class='ocrx_word' id='word_1_34' title='bbox 573 976 688 1029; x_wconf 83' lang='lat' dir='ltr'>aut</span> <span class='ocrx_word' id='word_1_35' title='bbox 729 961 1013 1026; x_wconf 81' lang='lat' dir='ltr'>inferius</span> <span class='ocrx_word' id='word_1_36' title='bbox 1056 983 1316 1048; x_wconf 83' lang='lat' dir='ltr'>ponens</span> <span class='ocrx_word' id='word_1_37' title='bbox 1361 984 1502 1027; x_wconf 86' lang='lat' dir='ltr'>non</span> <span class='ocrx_word' id='word_1_38' title='bbox 1543 962 1698 1026; x_wconf 88' lang='lat' dir='ltr'>iure</span> <span class='ocrx_word' id='word_1_39' title='bbox 1738 961 2086 1029; x_wconf 84' lang='lat' dir='ltr'>videbitur</span> <span class='ocrx_word' id='word_1_40' title='bbox 2130 987 2385 1032; x_wconf 86' lang='lat' dir='ltr'>nomen</span> 
     </span>
     <span class='ocr_line' id='line_1_7' title="bbox 287 1062 2386 1135; baseline -0.001 0"><span class='ocrx_word' id='word_1_41' title='bbox 287 1069 581 1135; x_wconf 75' lang='lat' dir='ltr'><strong>minime</strong></span> <span class='ocrx_word' id='word_1_42' title='bbox 606 1063 1015 1130; x_wconf 71' lang='lat' dir='ltr'>conveniens</span> <span class='ocrx_word' id='word_1_43' title='bbox 1032 1063 1305 1132; x_wconf 77' lang='lat' dir='ltr'>dicere?</span> <span class='ocrx_word' id='word_1_44' title='bbox 1349 1062 1616 1130; x_wconf 84' lang='lat' dir='ltr'><strong>medius</strong></span> <span class='ocrx_word' id='word_1_45' title='bbox 1646 1066 1831 1134; x_wconf 86' lang='lat' dir='ltr'><strong>enim</strong></span> <span class='ocrx_word' id='word_1_46' title='bbox 1858 1070 1932 1132; x_wconf 88' lang='lat' dir='ltr'>in</span> <span class='ocrx_word' id='word_1_47' title='bbox 1960 1067 2243 1134; x_wconf 73' lang='lat' dir='ltr'>eolocus</span> <span class='ocrx_word' id='word_1_48' title='bbox 2257 1083 2386 1133; x_wconf 79' lang='lat' dir='ltr'>ne-&#39;</span> 
     </span>
     <span class='ocr_line' id='line_1_8' title="bbox 298 1167 2388 1259; baseline -0.001 -22"><span class='ocrx_word' id='word_1_49' title='bbox 298 1195 435 1258; x_wconf 92' lang='lat' dir='ltr'>que</span> <span class='ocrx_word' id='word_1_50' title='bbox 490 1168 779 1242; x_wconf 85' lang='lat' dir='ltr'>inferior</span> <span class='ocrx_word' id='word_1_51' title='bbox 826 1179 1075 1233; x_wconf 82' lang='lat' dir='ltr'>natura</span> <span class='ocrx_word' id='word_1_52' title='bbox 1111 1187 1336 1252; x_wconf 89' lang='lat' dir='ltr'>neque</span> <span class='ocrx_word' id='word_1_53' title='bbox 1381 1167 1692 1256; x_wconf 83' lang='lat' dir='ltr'>superior</span> <span class='ocrx_word' id='word_1_54' title='bbox 1732 1179 1919 1233; x_wconf 86' lang='lat' dir='ltr'>recte</span> <span class='ocrx_word' id='word_1_55' title='bbox 1973 1168 2110 1235; x_wconf 89' lang='lat' dir='ltr'>dici</span> <span class='ocrx_word' id='word_1_56' title='bbox 2154 1172 2388 1259; x_wconf 79' lang='lat' dir='ltr'>potest,</span> 
     </span>
     <span class='ocr_line' id='line_1_9' title="bbox 295 1267 2387 1365; baseline 0 -25"><span class='ocrx_word' id='word_1_57' title='bbox 295 1276 410 1340; x_wconf 85' lang='lat' dir='ltr'>sed</span> <span class='ocrx_word' id='word_1_58' title='bbox 441 1274 581 1365; x_wconf 90' lang='lat' dir='ltr'>ipso</span> <span class='ocrx_word' id='word_1_59' title='bbox 606 1273 679 1338; x_wconf 87' lang='lat' dir='ltr'>iu</span> <span class='ocrx_word' id='word_1_60' title='bbox 704 1269 927 1336; x_wconf 88' lang='lat' dir='ltr'>medio</span> <span class='ocrx_word' id='word_1_61' title='bbox 943 1317 963 1350; x_wconf 91' lang='lat'>‚</span> <span class='ocrx_word' id='word_1_62' title='bbox 1008 1279 1073 1334; x_wconf 91' lang='lat' dir='ltr'>et</span> <span class='ocrx_word' id='word_1_63' title='bbox 1097 1267 1212 1356; x_wconf 86' lang='lat' dir='ltr'>qui</span> <span class='ocrx_word' id='word_1_64' title='bbox 1238 1268 1670 1337; x_wconf 80' lang='lat' dir='ltr'>circumcirca</span> <span class='ocrx_word' id='word_1_65' title='bbox 1697 1274 1819 1353; x_wconf 85' lang='lat' dir='ltr'>est,</span> <span class='ocrx_word' id='word_1_66' title='bbox 1864 1291 2089 1358; x_wconf 85' lang='lat' dir='ltr'>neque</span> <span class='ocrx_word' id='word_1_67' title='bbox 2120 1274 2387 1340; x_wconf 69' lang='lat' dir='ltr'><strong>medius</strong></span> 
     </span>
     <span class='ocr_line' id='line_1_10' title="bbox 294 1357 2390 1467; baseline -0.001 -23"><span class='ocrx_word' id='word_1_68' title='bbox 294 1401 516 1467; x_wconf 87' lang='lat' dir='ltr'>neque</span> <span class='ocrx_word' id='word_1_69' title='bbox 555 1387 821 1465; x_wconf 83' lang='lat' dir='ltr'>partem</span> <span class='ocrx_word' id='word_1_70' title='bbox 874 1370 973 1437; x_wconf 89' lang='lat' dir='ltr'>sui</span> <span class='ocrx_word' id='word_1_71' title='bbox 1023 1357 1277 1437; x_wconf 77' lang='lat' dir='ltr'>habens</span> <span class='ocrx_word' id='word_1_72' title='bbox 1307 1371 1509 1437; x_wconf 83' lang='lat' dir='ltr'><strong>aliam</strong></span> <span class='ocrx_word' id='word_1_73' title='bbox 1537 1371 1673 1438; x_wconf 81' lang='lat' dir='ltr'><strong>alia</strong></span> <span class='ocrx_word' id='word_1_74' title='bbox 1698 1372 1911 1460; x_wconf 74' lang='lat' dir='ltr'><strong>magis</strong></span> <span class='ocrx_word' id='word_1_75' title='bbox 1952 1374 2390 1443; x_wconf 84' lang='lat' dir='ltr'>differentem</span> 
     </span>
     <span class='ocr_line' id='line_1_11' title="bbox 294 1472 2388 1566; baseline -0 -20"><span class='ocrx_word' id='word_1_76' title='bbox 294 1482 380 1547; x_wconf 80' lang='lat' dir='ltr'>ad</span> <span class='ocrx_word' id='word_1_77' title='bbox 411 1479 713 1545; x_wconf 87' lang='lat' dir='ltr'><strong>medium</strong></span> <span class='ocrx_word' id='word_1_78' title='bbox 746 1475 857 1541; x_wconf 85' lang='lat' dir='ltr'>vel</span> <span class='ocrx_word' id='word_1_79' title='bbox 888 1493 1125 1539; x_wconf 85' lang='lat' dir='ltr'>eorum</span> <span class='ocrx_word' id='word_1_80' title='bbox 1137 1472 1404 1560; x_wconf 62' lang='lat' dir='ltr'><strong>‘aliquid</strong></span> <span class='ocrx_word' id='word_1_81' title='bbox 1431 1497 1607 1562; x_wconf 81' lang='lat' dir='ltr'>quae</span> <span class='ocrx_word' id='word_1_82' title='bbox 1631 1476 1957 1563; x_wconf 88' lang='lat' dir='ltr'>eregione</span> <span class='ocrx_word' id='word_1_83' title='bbox 1978 1478 2187 1566; x_wconf 81' lang='lat' dir='ltr'>pofita</span> <span class='ocrx_word' id='word_1_84' title='bbox 2215 1480 2388 1546; x_wconf 85' lang='lat' dir='ltr'>sunt.</span> 
     </span>
     <span class='ocr_line' id='line_1_12' title="bbox 295 1575 2391 1666; baseline 0 -19"><span class='ocrx_word' id='word_1_85' title='bbox 295 1582 361 1648; x_wconf 85' lang='lat' dir='ltr'>ei</span> <span class='ocrx_word' id='word_1_86' title='bbox 401 1604 567 1648; x_wconf 79' lang='lat' dir='ltr'>vero</span> <span class='ocrx_word' id='word_1_87' title='bbox 617 1578 802 1665; x_wconf 87' lang='lat' dir='ltr'>quod</span> <span class='ocrx_word' id='word_1_88' title='bbox 851 1575 1226 1661; x_wconf 81' lang='lat' dir='ltr'>aequaliter</span> <span class='ocrx_word' id='word_1_89' title='bbox 1269 1598 1753 1666; x_wconf 76' lang='lat' dir='ltr'><strong>usquequaque</strong></span> <span class='ocrx_word' id='word_1_90' title='bbox 1795 1590 2040 1644; x_wconf 81' lang='lat' dir='ltr'>natura</span> <span class='ocrx_word' id='word_1_91' title='bbox 2082 1582 2148 1644; x_wconf 82' lang='lat' dir='ltr'>se</span> <span class='ocrx_word' id='word_1_92' title='bbox 2185 1581 2391 1646; x_wconf 76' lang='lat' dir='ltr'>habet</span> 
     </span>
     <span class='ocr_line' id='line_1_13' title="bbox 298 1679 2391 1770; baseline 0 -22"><span class='ocrx_word' id='word_1_93' title='bbox 298 1683 536 1770; x_wconf 79' lang='lat' dir='ltr'><strong>qualia</strong></span> <span class='ocrx_word' id='word_1_94' title='bbox 560 1680 706 1767; x_wconf 81' lang='lat' dir='ltr'>quie</span> <span class='ocrx_word' id='word_1_95' title='bbox 744 1679 1103 1768; x_wconf 78' lang='lat' dir='ltr'>imponens</span> <span class='ocrx_word' id='word_1_96' title='bbox 1137 1680 1477 1745; x_wconf 83' lang='lat' dir='ltr'>contraria</span> <span class='ocrx_word' id='word_1_97' title='bbox 1508 1691 1578 1744; x_wconf 85' lang='lat' dir='ltr'>et</span> <span class='ocrx_word' id='word_1_98' title='bbox 1602 1682 1940 1767; x_wconf 89' lang='lat' dir='ltr'>quomodo</span> <span class='ocrx_word' id='word_1_99' title='bbox 1967 1694 2152 1748; x_wconf 84' lang='lat' dir='ltr'>recte</span> <span class='ocrx_word' id='word_1_100' title='bbox 2179 1684 2247 1749; x_wconf 85' lang='lat' dir='ltr'>se</span> <span class='ocrx_word' id='word_1_101' title='bbox 2263 1707 2391 1749; x_wconf 85' lang='lat' dir='ltr'>ex·</span> 
     </span>
    </p>
   </div>
   <div class='ocr_carea' id='block_1_3' title="bbox 296 1780 2391 1868">
    <p class='ocr_par' dir='ltr' id='par_1_3' title="bbox 296 1780 2391 1868">
     <span class='ocr_line' id='line_1_14' title="bbox 296 1780 2391 1868; baseline -0.001 -16"><span class='ocrx_word' id='word_1_102' title='bbox 296 1783 687 1852; x_wconf 85' lang='lat' dir='ltr'>istimaverit</span> <span class='ocrx_word' id='word_1_103' title='bbox 716 1781 982 1850; x_wconf 54' lang='lat' dir='ltr'>diceret</span> <span class='ocrx_word' id='word_1_104' title='bbox 1028 1803 1187 1856; x_wconf 84' lang='lat' dir='ltr'><strong>nam</strong></span> <span class='ocrx_word' id='word_1_105' title='bbox 1223 1781 1271 1845; x_wconf 81' lang='lat' dir='ltr'>si</span> <span class='ocrx_word' id='word_1_106' title='bbox 1304 1780 1471 1868; x_wconf 86' lang='lat' dir='ltr'><strong>quid</strong></span> <span class='ocrx_word' id='word_1_107' title='bbox 1508 1781 1711 1847; x_wconf 83' lang='lat' dir='ltr'><strong>etiam</strong></span> <span class='ocrx_word' id='word_1_108' title='bbox 1755 1783 2044 1849; x_wconf 86' lang='lat' dir='ltr'>solidum</span> <span class='ocrx_word' id='word_1_109' title='bbox 2074 1782 2282 1850; x_wconf 67' lang='lat' dir='ltr'>fuerst</span> <span class='ocrx_word' id='word_1_110' title='bbox 2314 1785 2391 1850; x_wconf 84' lang='lat' dir='ltr'>in</span> 
     </span>
    </p>
   </div>
   <div class='ocr_carea' id='block_1_4' title="bbox 197 1884 2394 2796">
    <p class='ocr_par' dir='ltr' id='par_1_4' title="bbox 197 1884 2394 2796">
     <span class='ocr_line' id='line_1_15' title="bbox 296 1884 2392 1972; baseline -0.001 -17"><span class='ocrx_word' id='word_1_111' title='bbox 296 1887 527 1955; x_wconf 84' lang='lat' dir='ltr'>medio</span> <span class='ocrx_word' id='word_1_112' title='bbox 553 1885 843 1951; x_wconf 78' lang='lat' dir='ltr'>universi</span> <span class='ocrx_word' id='word_1_113' title='bbox 878 1884 1184 1969; x_wconf 81' lang='lat' dir='ltr'>aequali,</span> <span class='ocrx_word' id='word_1_114' title='bbox 1247 1885 1329 1946; x_wconf 88' lang='lat' dir='ltr'>ad</span> <span class='ocrx_word' id='word_1_115' title='bbox 1374 1885 1642 1950; x_wconf 82' lang='lat' dir='ltr'><strong>nullum</strong></span> <span class='ocrx_word' id='word_1_116' title='bbox 1683 1906 2005 1972; x_wconf 82' lang='lat' dir='ltr'><strong>umquam</strong></span> <span class='ocrx_word' id='word_1_117' title='bbox 2044 1898 2392 1952; x_wconf 72' lang='lat' dir='ltr'>extremo-</span> 
     </span>
     <span class='ocr_line' id='line_1_16' title="bbox 293 1985 2392 2077; baseline -0.009 -18"><span class='ocrx_word' id='word_1_118' title='bbox 293 2015 460 2059; x_wconf 82' lang='lat' dir='ltr'>rum</span> <span class='ocrx_word' id='word_1_119' title='bbox 505 1986 940 2063; x_wconf 80' lang='lat' dir='ltr'>declinaverit</span> <span class='ocrx_word' id='word_1_120' title='bbox 989 1998 1271 2074; x_wconf 85' lang='lat' dir='ltr'>propter</span> <span class='ocrx_word' id='word_1_121' title='bbox 1307 1985 1682 2074; x_wconf 82' lang='lat' dir='ltr'>perfectam</span> <span class='ocrx_word' id='word_1_122' title='bbox 1734 2009 1971 2053; x_wconf 85' lang='lat' dir='ltr'>eorum</span> <span class='ocrx_word' id='word_1_123' title='bbox 2013 1991 2392 2077; x_wconf 77' lang='lat' dir='ltr'>aequalita-</span> 
     </span>
     <span class='ocr_line' id='line_1_17' title="bbox 293 2088 2392 2182; baseline -0.001 -22"><span class='ocrx_word' id='word_1_124' title='bbox 293 2106 437 2160; x_wconf 78' lang='lat' dir='ltr'>tem</span> <span class='ocrx_word' id='word_1_125' title='bbox 460 2124 490 2170; x_wconf 71' lang='grc' dir='ltr'>ς.</span> <span class='ocrx_word' id='word_1_126' title='bbox 518 2104 720 2179; x_wconf 79' lang='lat' dir='ltr'>atque</span> <span class='ocrx_word' id='word_1_127' title='bbox 749 2092 795 2155; x_wconf 85' lang='lat' dir='ltr'><strong>fi</strong></span> <span class='ocrx_word' id='word_1_128' title='bbox 835 2090 984 2182; x_wconf 86' lang='lat' dir='ltr'><strong>quis</strong></span> <span class='ocrx_word' id='word_1_129' title='bbox 1011 2089 1217 2156; x_wconf 78' lang='lat' dir='ltr'><strong>etiam</strong></span> <span class='ocrx_word' id='word_1_130' title='bbox 1251 2092 1432 2156; x_wconf 82' lang='lat' dir='ltr'>circa</span> <span class='ocrx_word' id='word_1_131' title='bbox 1459 2090 1628 2157; x_wconf 88' lang='lat' dir='ltr'>illud</span> <span class='ocrx_word' id='word_1_132' title='bbox 1665 2088 2131 2178; x_wconf 80' lang='lat' dir='ltr'>proficiscatur</span> <span class='ocrx_word' id='word_1_133' title='bbox 2163 2092 2237 2157; x_wconf 90' lang='lat' dir='ltr'>in</span> <span class='ocrx_word' id='word_1_134' title='bbox 2270 2114 2392 2161; x_wconf 86' lang='lat' dir='ltr'>or-</span> 
     </span>
     <span class='ocr_line' id='line_1_18' title="bbox 297 2192 2393 2283; baseline -0.001 -21"><span class='ocrx_word' id='word_1_135' title='bbox 297 2197 492 2275; x_wconf 87' lang='lat' dir='ltr'><strong>bem,</strong></span> <span class='ocrx_word' id='word_1_136' title='bbox 539 2196 797 2283; x_wconf 78' lang='lat' dir='ltr'>saepius</span> <span class='ocrx_word' id='word_1_137' title='bbox 832 2192 1121 2257; x_wconf 71' lang='lat' dir='ltr'>adversis</span> <span class='ocrx_word' id='word_1_138' title='bbox 1167 2194 1453 2281; x_wconf 80' lang='lat' dir='ltr'>vestigiis</span> <span class='ocrx_word' id='word_1_139' title='bbox 1495 2197 1670 2260; x_wconf 84' lang='lat' dir='ltr'>stans</span> <span class='ocrx_word' id='word_1_140' title='bbox 1714 2193 2001 2259; x_wconf 81' lang='lat' dir='ltr'><strong>eandem</strong></span> <span class='ocrx_word' id='word_1_141' title='bbox 2052 2193 2194 2260; x_wconf 81' lang='lat' dir='ltr'>eius</span> <span class='ocrx_word' id='word_1_142' title='bbox 2226 2216 2393 2281; x_wconf 82' lang='lat' dir='ltr'>par-</span> 
     </span>
     <span class='ocr_line' id='line_1_19' title="bbox 197 2296 2390 2385; baseline -0.002 -18"><span class='ocrx_word' id='word_1_143' title='bbox 197 2310 214 2321; x_wconf 76' lang='lat'><strong><em>‘</em></strong></span> <span class='ocrx_word' id='word_1_144' title='bbox 300 2312 443 2367; x_wconf 82' lang='lat' dir='ltr'>tem</span> <span class='ocrx_word' id='word_1_145' title='bbox 479 2297 876 2365; x_wconf 72' lang='lat' dir='ltr'>inferiorem</span> <span class='ocrx_word' id='word_1_146' title='bbox 903 2309 968 2362; x_wconf 86' lang='lat' dir='ltr'>et</span> <span class='ocrx_word' id='word_1_147' title='bbox 982 2296 1400 2385; x_wconf 86' lang='lat' dir='ltr'>superiorem</span> <span class='ocrx_word' id='word_1_148' title='bbox 1427 2296 1629 2369; x_wconf 32' lang='lat' dir='ltr'>dicati</span> <span class='ocrx_word' id='word_1_149' title='bbox 1661 2297 2163 2365; x_wconf 65' lang='lat' dir='ltr'>universitatem</span> <span class='ocrx_word' id='word_1_150' title='bbox 2182 2296 2390 2381; x_wconf 87' lang='lat' dir='ltr'><strong>enim,</strong></span> 
     </span>
     <span class='ocr_line' id='line_1_20' title="bbox 300 2397 2392 2490; baseline -0.002 -23"><span class='ocrx_word' id='word_1_151' title='bbox 300 2402 878 2490; x_wconf 83' lang='lat' dir='ltr'><strong>quemadmodum</strong></span> <span class='ocrx_word' id='word_1_152' title='bbox 909 2400 1110 2465; x_wconf 91' lang='lat' dir='ltr'>modo</span> <span class='ocrx_word' id='word_1_153' title='bbox 1141 2400 1465 2480; x_wconf 79' lang='lat' dir='ltr'>diximus,</span> <span class='ocrx_word' id='word_1_154' title='bbox 1510 2422 1724 2487; x_wconf 88' lang='lat' dir='ltr'><strong>quum</strong></span> <span class='ocrx_word' id='word_1_155' title='bbox 1754 2401 2026 2486; x_wconf 83' lang='lat' dir='ltr'>globosa</span> <span class='ocrx_word' id='word_1_156' title='bbox 2052 2400 2145 2477; x_wconf 80' lang='lat' dir='ltr'>sit,</span> <span class='ocrx_word' id='word_1_157' title='bbox 2162 2397 2392 2463; x_wconf 87' lang='lat' dir='ltr'>locum</span> 
     </span>
     <span class='ocr_line' id='line_1_21' title="bbox 301 2499 2390 2589; baseline -0.003 -18"><span class='ocrx_word' id='word_1_158' title='bbox 301 2506 599 2589; x_wconf 81' lang='lat' dir='ltr'><strong>aliquem</strong></span> <span class='ocrx_word' id='word_1_159' title='bbox 639 2503 1035 2568; x_wconf 84' lang='lat' dir='ltr'>inferiorem</span> <span class='ocrx_word' id='word_1_160' title='bbox 1072 2502 1412 2588; x_wconf 86' lang='lat' dir='ltr'><strong>aliumque</strong></span> <span class='ocrx_word' id='word_1_161' title='bbox 1458 2502 1871 2589; x_wconf 86' lang='lat' dir='ltr'>superiorem</span> <span class='ocrx_word' id='word_1_162' title='bbox 1918 2501 2169 2566; x_wconf 83' lang='lat' dir='ltr'>habere</span> <span class='ocrx_word' id='word_1_163' title='bbox 2208 2499 2390 2567; x_wconf 82' lang='lat' dir='ltr'><strong>haud</strong></span> 
     </span>
     <span class='ocr_line' id='line_1_22' title="bbox 299 2602 2394 2697; baseline -0.002 -26"><span class='ocrx_word' id='word_1_164' title='bbox 299 2605 661 2697; x_wconf 84' lang='lat' dir='ltr'>prudentis</span> <span class='ocrx_word' id='word_1_165' title='bbox 690 2607 778 2667; x_wconf 89' lang='lat' dir='ltr'>est</span> <span class='ocrx_word' id='word_1_166' title='bbox 812 2603 1054 2669; x_wconf 83' lang='lat' dir='ltr'>dicere.</span> <span class='ocrx_word' id='word_1_167' title='bbox 1101 2602 1292 2670; x_wconf 69' lang='lat' dir='ltr'>unde</span> <span class='ocrx_word' id='word_1_168' title='bbox 1314 2627 1479 2670; x_wconf 83' lang='lat' dir='ltr'>vero</span> <span class='ocrx_word' id='word_1_169' title='bbox 1511 2604 1862 2670; x_wconf 83' lang='lat' dir='ltr'><strong>nominata</strong></span> <span class='ocrx_word' id='word_1_170' title='bbox 1890 2607 2014 2669; x_wconf 86' lang='lat' dir='ltr'>fiut</span> <span class='ocrx_word' id='word_1_171' title='bbox 2045 2605 2291 2669; x_wconf 85' lang='lat' dir='ltr'>haeeet</span> <span class='ocrx_word' id='word_1_172' title='bbox 2319 2602 2394 2668; x_wconf 86' lang='lat' dir='ltr'>in</span> 
     </span>
     <span class='ocr_line' id='line_1_23' title="bbox 304 2703 2392 2796; baseline -0 -23"><span class='ocrx_word' id='word_1_173' title='bbox 304 2709 551 2796; x_wconf 85' lang='lat' dir='ltr'><strong>quibus</strong></span> <span class='ocrx_word' id='word_1_174' title='bbox 597 2708 1008 2796; x_wconf 78' lang='lat' dir='ltr'>spectantes&#39;</span> <span class='ocrx_word' id='word_1_175' title='bbox 1033 2703 1585 2773; x_wconf 79' lang='lat' dir='ltr'>consueverimus</span> <span class='ocrx_word' id='word_1_176' title='bbox 1643 2720 1923 2796; x_wconf 83' lang='lat' dir='ltr'>propter</span> <span class='ocrx_word' id='word_1_177' title='bbox 1976 2711 2142 2772; x_wconf 86' lang='lat' dir='ltr'>haec</span> <span class='ocrx_word' id='word_1_178' title='bbox 2186 2708 2392 2772; x_wconf 82' lang='lat' dir='ltr'><strong>etiam</strong></span> 
     </span>
    </p>
   </div>
   <div class='ocr_carea' id='block_1_5' title="bbox 301 2807 2498 2895">
    <p class='ocr_par' dir='ltr' id='par_1_5' title="bbox 301 2807 2498 2895">
     <span class='ocr_line' id='line_1_24' title="bbox 301 2807 2498 2895; baseline 0 -20"><span class='ocrx_word' id='word_1_179' title='bbox 301 2812 566 2878; x_wconf 84' lang='lat' dir='ltr'>caelum</span> <span class='ocrx_word' id='word_1_180' title='bbox 599 2807 992 2873; x_wconf 86' lang='lat' dir='ltr'>universum</span> <span class='ocrx_word' id='word_1_181' title='bbox 1024 2807 1119 2874; x_wconf 83' lang='lat' dir='ltr'>ita</span> <span class='ocrx_word' id='word_1_182' title='bbox 1149 2809 1554 2895; x_wconf 82' lang='lat' dir='ltr'>distinguere</span> <span class='ocrx_word' id='word_1_183' title='bbox 1584 2822 1650 2875; x_wconf 91' lang='lat' dir='ltr'>et</span> <span class='ocrx_word' id='word_1_184' title='bbox 1679 2810 1922 2893; x_wconf 80' lang='lat' dir='ltr'>dicere,</span> <span class='ocrx_word' id='word_1_185' title='bbox 1966 2811 2052 2876; x_wconf 71' lang='lat' dir='ltr'>“de</span> <span class='ocrx_word' id='word_1_186' title='bbox 2082 2811 2395 2876; x_wconf 76' lang='lat' dir='ltr'>hoccon-</span> <span class='ocrx_word' id='word_1_187' title='bbox 2494 2878 2498 2883; x_wconf 65' lang='grc'>,</span> 
     </span>
    </p>
   </div>
   <div class='ocr_carea' id='block_1_6' title="bbox 301 2902 2399 4312">
    <p class='ocr_par' dir='ltr' id='par_1_6' title="bbox 301 2902 2399 4312">
     <span class='ocr_line' id='line_1_25' title="bbox 302 2902 2389 3000; baseline -0 -20"><span class='ocrx_word' id='word_1_188' title='bbox 302 2914 539 2980; x_wconf 82' lang='lat' dir='ltr'>veniat</span> <span class='ocrx_word' id='word_1_189' title='bbox 566 2912 748 2976; x_wconf 75' lang='lat' dir='ltr'>inter</span> <span class='ocrx_word' id='word_1_190' title='bbox 778 2935 905 2976; x_wconf 80' lang='lat' dir='ltr'>nos</span> <span class='ocrx_word' id='word_1_191' title='bbox 935 2922 1206 2998; x_wconf 86' lang='lat' dir='ltr'>oportet</span> <span class='ocrx_word' id='word_1_192' title='bbox 1239 2902 1418 2978; x_wconf 63' lang='lat' dir='ltr'>&#39;haec</span> <span class='ocrx_word' id='word_1_193' title='bbox 1452 2925 1793 3000; x_wconf 76' lang='lat' dir='ltr'>ponentes,</span> <span class='ocrx_word' id='word_1_194' title='bbox 1855 2915 1899 2979; x_wconf 85' lang='lat' dir='ltr'>fi</span> <span class='ocrx_word' id='word_1_195' title='bbox 1940 2914 2089 3000; x_wconf 81' lang='lat' dir='ltr'><strong>quis</strong></span> <span class='ocrx_word' id='word_1_196' title='bbox 2128 2912 2198 2978; x_wconf 88' lang='lat' dir='ltr'>in</span> <span class='ocrx_word' id='word_1_197' title='bbox 2231 2928 2389 2979; x_wconf 81' lang='lat' dir='ltr'>eum</span> 
     </span>
     <span class='ocr_line' id='line_1_26' title="bbox 303 3006 2393 3099; baseline -0 -17"><span class='ocrx_word' id='word_1_198' title='bbox 303 3017 604 3082; x_wconf 78' lang='lat' dir='ltr'>universi</span> <span class='ocrx_word' id='word_1_199' title='bbox 636 3016 862 3078; x_wconf 86' lang='lat' dir='ltr'><strong>locum</strong></span> <span class='ocrx_word' id='word_1_200' title='bbox 906 3036 1112 3099; x_wconf 89' lang='lat' dir='ltr'><strong>quem</strong></span> <span class='ocrx_word' id='word_1_201' title='bbox 1139 3012 1310 3099; x_wconf 82' lang='lat' dir='ltr'><strong>ignis</strong></span> <span class='ocrx_word' id='word_1_202' title='bbox 1350 3014 1650 3080; x_wconf 79' lang='lat' dir='ltr'><strong>maxime</strong></span> <span class='ocrx_word' id='word_1_203' title='bbox 1674 3006 1933 3082; x_wconf 75' lang='lat' dir='ltr'>obtinet</span> <span class='ocrx_word' id='word_1_204' title='bbox 1956 3028 2231 3097; x_wconf 82' lang='lat' dir='ltr'>natura,</span> <span class='ocrx_word' id='word_1_205' title='bbox 2278 3015 2393 3091; x_wconf 80' lang='lat' dir='ltr'>ubi</span> 
     </span>
     <span class='ocr_line' id='line_1_27' title="bbox 306 3115 2392 3203; baseline -0 -18"><span class='ocrx_word' id='word_1_206' title='bbox 306 3120 507 3185; x_wconf 84' lang='lat' dir='ltr'><strong>etiam</strong></span> <span class='ocrx_word' id='word_1_207' title='bbox 529 3117 823 3184; x_wconf 80' lang='lat' dir='ltr'><strong>maxima</strong></span> <span class='ocrx_word' id='word_1_208' title='bbox 840 3116 983 3180; x_wconf 85' lang='lat' dir='ltr'>eius</span> <span class='ocrx_word' id='word_1_209' title='bbox 1000 3115 1190 3203; x_wconf 79' lang='lat' dir='ltr'>copia</span> <span class='ocrx_word' id='word_1_210' title='bbox 1207 3117 1479 3182; x_wconf 82' lang='lat' dir='ltr'>collecta</span> <span class='ocrx_word' id='word_1_211' title='bbox 1496 3119 1584 3181; x_wconf 88' lang='lat' dir='ltr'>est</span> <span class='ocrx_word' id='word_1_212' title='bbox 1614 3131 1681 3182; x_wconf 88' lang='lat' dir='ltr'>et</span> <span class='ocrx_word' id='word_1_213' title='bbox 1709 3134 1842 3203; x_wconf 87' lang='lat' dir='ltr'>quo</span> <span class='ocrx_word' id='word_1_214' title='bbox 1864 3118 2106 3194; x_wconf 81' lang='lat' dir='ltr'>fertur.</span> <span class='ocrx_word' id='word_1_215' title='bbox 2124 3120 2392 3185; x_wconf 80' lang='lat' dir='ltr'>adscen-</span> 
     </span>
     <span class='ocr_line' id='line_1_28' title="bbox 305 3219 2395 3311; baseline -0.002 -21"><span class='ocrx_word' id='word_1_216' title='bbox 305 3225 471 3290; x_wconf 79' lang='lat' dir='ltr'>dens</span> <span class='ocrx_word' id='word_1_217' title='bbox 486 3221 764 3307; x_wconf 81' lang='lat' dir='ltr'><strong>vimque</strong></span> <span class='ocrx_word' id='word_1_218' title='bbox 780 3221 849 3284; x_wconf 89' lang='lat' dir='ltr'>in</span> <span class='ocrx_word' id='word_1_219' title='bbox 866 3242 1023 3284; x_wconf 90' lang='lat' dir='ltr'>eum</span> <span class='ocrx_word' id='word_1_220' title='bbox 1038 3219 1315 3297; x_wconf 81' lang='lat' dir='ltr'>habens,</span> <span class='ocrx_word' id='word_1_221' title='bbox 1354 3220 1523 3304; x_wconf 75' lang='lat' dir='ltr'><strong>ignis</strong></span> <span class='ocrx_word' id='word_1_222' title='bbox 1542 3232 1761 3306; x_wconf 82' lang='lat' dir='ltr'>partes</span> <span class='ocrx_word' id='word_1_223' title='bbox 1776 3221 2040 3287; x_wconf 63' lang='lat' dir='ltr'>auferat</span> <span class='ocrx_word' id='word_1_224' title='bbox 2055 3234 2121 3286; x_wconf 84' lang='lat' dir='ltr'>et</span> <span class='ocrx_word' id='word_1_225' title='bbox 2144 3222 2395 3311; x_wconf 83' lang='lat' dir='ltr'>ponde·</span> 
     </span>
     <span class='ocr_line' id='line_1_29' title="bbox 305 3320 2395 3412; baseline -0.002 -20"><span class='ocrx_word' id='word_1_226' title='bbox 305 3340 455 3405; x_wconf 82' lang='lat' dir='ltr'>ret,</span> <span class='ocrx_word' id='word_1_227' title='bbox 491 3323 563 3388; x_wconf 89' lang='lat' dir='ltr'>in</span> <span class='ocrx_word' id='word_1_228' title='bbox 594 3323 898 3388; x_wconf 83' lang='lat' dir='ltr'>lancibus</span> <span class='ocrx_word' id='word_1_229' title='bbox 941 3336 1050 3387; x_wconf 78' lang='lat' dir='ltr'>eas</span> <span class='ocrx_word' id='word_1_230' title='bbox 1084 3345 1360 3410; x_wconf 86' lang='lat' dir='ltr'>ponens,</span> <span class='ocrx_word' id='word_1_231' title='bbox 1419 3320 1665 3400; x_wconf 72' lang='lat' dir='ltr'><strong>libram</strong></span> <span class='ocrx_word' id='word_1_232' title='bbox 1697 3325 2006 3389; x_wconf 73' lang='lat' dir='ltr'>attollens</span> <span class='ocrx_word' id='word_1_233' title='bbox 2029 3326 2395 3412; x_wconf 82' lang='lat' dir='ltr'>ignemque</span> 
     </span>
     <span class='ocr_line' id='line_1_30' title="bbox 301 3425 2396 3513; baseline -0.003 -19"><span class='ocrx_word' id='word_1_234' title='bbox 301 3426 651 3494; x_wconf 74' lang='lat' dir='ltr'>attrahens</span> <span class='ocrx_word' id='word_1_235' title='bbox 670 3426 756 3490; x_wconf 84' lang='lat' dir='ltr'>ad</span> <span class='ocrx_word' id='word_1_236' title='bbox 775 3425 1153 3491; x_wconf 85' lang='lat' dir='ltr'><strong>disfimilem</strong></span> <span class='ocrx_word' id='word_1_237' title='bbox 1170 3427 1398 3492; x_wconf 65' lang='lat' dir='ltr'>aerem</span> <span class='ocrx_word' id='word_1_238' title='bbox 1420 3426 1487 3491; x_wconf 85' lang='lat' dir='ltr'>vi</span> <span class='ocrx_word' id='word_1_239' title='bbox 1509 3444 1770 3512; x_wconf 56' lang='lat' dir='ltr'>cogenti,</span> <span class='ocrx_word' id='word_1_240' title='bbox 1784 3425 2217 3513; x_wconf 84' lang='lat' dir='ltr'>perspicuum</span> <span class='ocrx_word' id='word_1_241' title='bbox 2239 3425 2396 3489; x_wconf 85' lang='lat' dir='ltr'>fue·-</span> 
     </span>
     <span class='ocr_line' id='line_1_31' title="bbox 304 3526 2398 3604; baseline -0.002 -7"><span class='ocrx_word' id='word_1_242' title='bbox 304 3532 401 3598; x_wconf 81' lang='lat' dir='ltr'>rit</span> <span class='ocrx_word' id='word_1_243' title='bbox 415 3529 751 3595; x_wconf 87' lang='lat' dir='ltr'><strong>minorem</strong></span> <span class='ocrx_word' id='word_1_244' title='bbox 772 3527 1033 3591; x_wconf 84' lang='lat' dir='ltr'>maiore</span> <span class='ocrx_word' id='word_1_245' title='bbox 1053 3526 1313 3594; x_wconf 81' lang='lat' dir='ltr'>facilius</span> <span class='ocrx_word' id='word_1_246' title='bbox 1336 3551 1496 3593; x_wconf 88' lang='lat' dir='ltr'>eum</span> <span class='ocrx_word' id='word_1_247' title='bbox 1514 3539 1905 3593; x_wconf 81' lang='lat' dir='ltr'>coacturum</span> <span class='ocrx_word' id='word_1_248' title='bbox 1922 3533 2085 3604; x_wconf 71' lang='lat' dir='ltr'>effe3</span> <span class='ocrx_word' id='word_1_249' title='bbox 2131 3528 2197 3593; x_wconf 86' lang='lat' dir='ltr'>vi</span> <span class='ocrx_word' id='word_1_250' title='bbox 2213 3530 2398 3593; x_wconf 85' lang='lat' dir='ltr'><strong>enim</strong></span> 
     </span>
     <span class='ocr_line' id='line_1_32' title="bbox 306 3630 2399 3720; baseline -0.002 -20"><span class='ocrx_word' id='word_1_251' title='bbox 306 3656 446 3700; x_wconf 83' lang='lat' dir='ltr'>una</span> <span class='ocrx_word' id='word_1_252' title='bbox 476 3631 743 3697; x_wconf 83' lang='lat' dir='ltr'>duobus</span> <span class='ocrx_word' id='word_1_253' title='bbox 781 3631 971 3696; x_wconf 86' lang='lat' dir='ltr'><strong>fimul</strong></span> <span class='ocrx_word' id='word_1_254' title='bbox 997 3631 1297 3709; x_wconf 59' lang='lat' dir='ltr'>sublati-⁴1,</span> <span class='ocrx_word' id='word_1_255' title='bbox 1341 3633 1571 3698; x_wconf 78' lang='lat' dir='ltr'><strong>minus</strong></span> <span class='ocrx_word' id='word_1_256' title='bbox 1615 3631 1851 3717; x_wconf 75' lang='lat' dir='ltr'><strong>magis,</strong></span> <span class='ocrx_word' id='word_1_257' title='bbox 1884 3633 2034 3720; x_wconf 77' lang='lat' dir='ltr'>plus</span> <span class='ocrx_word' id='word_1_258' title='bbox 2071 3652 2227 3695; x_wconf 86' lang='lat' dir='ltr'>vero</span> <span class='ocrx_word' id='word_1_259' title='bbox 2258 3630 2399 3696; x_wconf 88' lang='lat' dir='ltr'><strong>mi·—</strong></span> 
     </span>
     <span class='ocr_line' id='line_1_33' title="bbox 306 3733 2399 3819; baseline -0.001 -18"><span class='ocrx_word' id='word_1_260' title='bbox 306 3738 727 3801; x_wconf 80' lang='lat' dir='ltr'>nus&#39;neceffe</span> <span class='ocrx_word' id='word_1_261' title='bbox 772 3736 861 3798; x_wconf 88' lang='lat' dir='ltr'>est</span> <span class='ocrx_word' id='word_1_262' title='bbox 902 3735 1164 3799; x_wconf 78' lang='lat' dir='ltr'>intendi</span> <span class='ocrx_word' id='word_1_263' title='bbox 1202 3733 1482 3819; x_wconf 86' lang='lat' dir='ltr'><strong>vimque</strong></span> <span class='ocrx_word' id='word_1_264' title='bbox 1522 3734 1738 3819; x_wconf 87' lang='lat' dir='ltr'>sequi,</span> <span class='ocrx_word' id='word_1_265' title='bbox 1802 3745 1870 3798; x_wconf 85' lang='lat' dir='ltr'>et</span> <span class='ocrx_word' id='word_1_266' title='bbox 1898 3735 2187 3798; x_wconf 87' lang='lat' dir='ltr'><strong>multum</strong></span> <span class='ocrx_word' id='word_1_267' title='bbox 2239 3734 2399 3819; x_wconf 77' lang='lat' dir='ltr'><strong>qui-</strong></span> 
     </span>
     <span class='ocr_line' id='line_1_34' title="bbox 309 3836 2396 3923; baseline 0 -20"><span class='ocrx_word' id='word_1_268' title='bbox 309 3837 464 3903; x_wconf 90' lang='lat' dir='ltr'>dem</span> <span class='ocrx_word' id='word_1_269' title='bbox 494 3858 702 3923; x_wconf 79' lang='lat' dir='ltr'>grave</span> <span class='ocrx_word' id='word_1_270' title='bbox 737 3836 866 3899; x_wconf 88' lang='lat' dir='ltr'>dici</span> <span class='ocrx_word' id='word_1_271' title='bbox 900 3848 969 3900; x_wconf 86' lang='lat' dir='ltr'>et</span> <span class='ocrx_word' id='word_1_272' title='bbox 994 3836 1180 3922; x_wconf 84' lang='lat' dir='ltr'>quod</span> <span class='ocrx_word' id='word_1_273' title='bbox 1207 3837 1515 3902; x_wconf 85' lang='lat' dir='ltr'>deorsum</span> <span class='ocrx_word' id='word_1_274' title='bbox 1554 3836 1837 3918; x_wconf 84' lang='lat' dir='ltr'>feratur,</span> <span class='ocrx_word' id='word_1_275' title='bbox 1871 3838 2193 3923; x_wconf 74' lang='lat' dir='ltr'><strong>exiguum</strong></span> <span class='ocrx_word' id='word_1_276' title='bbox 2231 3858 2396 3903; x_wconf 84' lang='lat' dir='ltr'>vero</span> 
     </span>
     <span class='ocr_line' id='line_1_35' title="bbox 308 3939 2399 4028; baseline 0 -23"><span class='ocrx_word' id='word_1_277' title='bbox 308 3939 457 4005; x_wconf 87' lang='lat' dir='ltr'>leve</span> <span class='ocrx_word' id='word_1_278' title='bbox 486 3954 555 4006; x_wconf 90' lang='lat' dir='ltr'>et</span> <span class='ocrx_word' id='word_1_279' title='bbox 585 3939 766 4027; x_wconf 87' lang='lat' dir='ltr'>quod</span> <span class='ocrx_word' id='word_1_280' title='bbox 805 3940 1066 4007; x_wconf 82' lang='lat' dir='ltr'>sursum</span> <span class='ocrx_word' id='word_1_281' title='bbox 1102 3939 1354 4004; x_wconf 83' lang='lat' dir='ltr'>tendat.</span> <span class='ocrx_word' id='word_1_282' title='bbox 1403 3939 1593 4009; x_wconf 79' lang='lat' dir='ltr'><strong>idem,</strong></span> <span class='ocrx_word' id='word_1_283' title='bbox 1620 3940 1826 4025; x_wconf 83' lang='lat' dir='ltr'>igitur</span> <span class='ocrx_word' id='word_1_284' title='bbox 1854 3940 1983 4025; x_wconf 71' lang='lat' dir='ltr'>hoc</span> <span class='ocrx_word' id='word_1_285' title='bbox 2016 3941 2399 4028; x_wconf 84' lang='lat' dir='ltr'>deprehen-</span> 
     </span>
     <span class='ocr_line' id='line_1_36' title="bbox 310 4041 2396 4133; baseline -0.001 -26"><span class='ocrx_word' id='word_1_286' title='bbox 310 4042 379 4107; x_wconf 88' lang='lat' dir='ltr'>di</span> <span class='ocrx_word' id='word_1_287' title='bbox 395 4067 521 4108; x_wconf 82' lang='lat' dir='ltr'>nos</span> <span class='ocrx_word' id='word_1_288' title='bbox 536 4056 800 4129; x_wconf 83' lang='lat' dir='ltr'>oportet</span> <span class='ocrx_word' id='word_1_289' title='bbox 817 4041 1133 4107; x_wconf 81' lang='lat' dir='ltr'>facientes</span> <span class='ocrx_word' id='word_1_290' title='bbox 1159 4041 1333 4126; x_wconf 91' lang='lat' dir='ltr'>quod</span> <span class='ocrx_word' id='word_1_291' title='bbox 1353 4041 1438 4104; x_wconf 79' lang='lat' dir='ltr'>ad</span> <span class='ocrx_word' id='word_1_292' title='bbox 1476 4043 1736 4133; x_wconf 72' lang='lat' dir='ltr'>huncce</span> <span class='ocrx_word' id='word_1_293' title='bbox 1771 4045 1993 4109; x_wconf 84' lang='lat' dir='ltr'><strong>locum</strong></span> <span class='ocrx_word' id='word_1_294' title='bbox 2031 4042 2292 4109; x_wconf 72' lang='lat' dir='ltr'>attinet.</span> <span class='ocrx_word' id='word_1_295' title='bbox 2327 4041 2396 4104; x_wconf 87' lang='lat' dir='ltr'>in</span> 
     </span>
     <span class='ocr_line' id='line_1_37' title="bbox 311 4144 2393 4244; baseline -0.003 -32"><span class='ocrx_word' id='word_1_296' title='bbox 311 4156 495 4214; x_wconf 79' lang='lat' dir='ltr'>terra</span> <span class='ocrx_word' id='word_1_297' title='bbox 510 4146 692 4213; x_wconf 80' lang='lat' dir='ltr'><strong>en‘im</strong></span> <span class='ocrx_word' id='word_1_298' title='bbox 710 4144 1064 4213; x_wconf 62' lang='lat' dir='ltr'>insistentes</span> <span class='ocrx_word' id='word_1_299' title='bbox 1080 4157 1149 4211; x_wconf 86' lang='lat' dir='ltr'>et</span> <span class='ocrx_word' id='word_1_300' title='bbox 1165 4157 1430 4213; x_wconf 78' lang='lat' dir='ltr'>terrena</span> <span class='ocrx_word' id='word_1_301' title='bbox 1450 4166 1699 4244; x_wconf 66' lang='lat' dir='ltr'>geriem</span> <span class='ocrx_word' id='word_1_302' title='bbox 1714 4145 2184 4231; x_wconf 78' lang='lat' dir='ltr'>distinguentes</span> <span class='ocrx_word' id='word_1_303' title='bbox 2199 4144 2393 4208; x_wconf 83' lang='lat' dir='ltr'><strong>etiam</strong></span> 
     </span>
     <span class='ocr_line' id='line_1_38' title="bbox 1834 4251 1980 4312; baseline 0 0"><span class='ocrx_word' id='word_1_304' title='bbox 1834 4251 1893 4312; x_wconf 92' lang='grc' dir='ltr'><strong>Ο</strong></span> <span class='ocrx_word' id='word_1_305' title='bbox 1942 4269 1980 4312; x_wconf 75' lang='lat'><em>2</em></span> 
     </span>
    </p>
   </div>
  </div>
 </body>
</html>
