2738 4600
1131 314 1642 388 TIMAEUS
2298 317 2416 384 251.

330 489 757 559 dulcedinem
784 513 947 557 vero
981 499 1225 555 natura
1256 488 1354 554 illi
1385 489 1648 555 infitam
1684 489 1743 554 ei
1789 472 2116 555 adhibens
2149 487 2423 553 omnia-

332 619 469 683 que
507 605 684 660 recta
741 606 810 659 et
857 594 1034 659 levia
1081 604 1149 656 et
1187 591 1404 656 libera
1449 591 1590 656 eius
1635 591 1930 678 dirigens
1971 592 2305 680 placatam
2354 600 2435 654 et‘

329 701 747 765 mansuetam
778 697 1093 761 redderet
1128 693 1338 759 animi
1366 707 1629 781 partem
1663 694 1835 760 circa
1870 696 2057 760 iecur
2104 693 2421 758 habitan-

329 813 467 867 tem
491 848 511 881 ‚
535 803 627 868 ita
660 810 739 864 ut
777 810 981 866 noctu
1009 808 1279 883 tempus
1313 797 1471 862 satis
1502 797 1882 862 traduceret
1909 807 1976 860 et
2005 795 2419 861 divinatione

328 914 633 969 uteretur
660 924 781 988 per
806 902 1142 980 somnum,
1188 919 1404 983 quum
1433 897 1709 963 rationis
1745 912 1812 965 et
1839 899 2234 985 prudentiae
2263 902 2421 964 effet

330 1027 597 1094 experS.
653 1024 989 1070 memores
1026 1000 1207 1068 enim
1243 1001 1449 1087 patris
1489 1000 1793 1066 mandati
1821 1001 1870 1065 ii
1903 1000 2019 1089 qui
2048 1023 2168 1066 nos
2203 999 2438 1076 finxe-⁴

328 1118 528 1183 runt,
587 1128 797 1193 quum
842 1105 1130 1170 mortale
1178 1122 1388 1187 genus
1423 1125 1628 1188 quam
1673 1104 2010 1192 optimum
2058 1124 2188 1192 pro
2243 1101 2415 1166 viri-

327 1210 453 1274 bus
485 1231 596 1273 eos
627 1207 892 1272 efficere
925 1206 1226 1285 iussisset,
1268 1206 1509 1271 iccirco
1558 1206 1760 1271 etiam
1790 1205 1994 1272 vilem
2022 1203 2228 1271 nostri
2252 1226 2419 1291 par-

329 1325 469 1377 tem
502 1310 836 1396 erigentes.
856 1322 934 1373 ut
960 1309 1312 1374 veritatem
1340 1308 1836 1392 quodammodo
1866 1308 2251 1396 attingeret,
2290 1329 2418 1371 va-

327 1413 702 1480 ticinationi
739 1413 928 1476 hunc
967 1410 1450 1475 constituerunt
1493 1412 1741 1480 locum.
1817 1413 2236 1476 satis‘autem
2283 1410 2415 1474 hoc

327 1514 708 1604 argumenti
731 1516 820 1577 est
836 1511 1322 1588 divinationem
1340 1513 1541 1577 deum
1557 1512 1648 1577 im
1660 1515 2057 1602 prudentiae
2072 1515 2415 1581 humanae

327 1619 631 1684 tribuisse
653 1663 671 1693 ‚
718 1616 895 1701 quod
924 1637 1125 1682 nemo
1155 1615 1397 1680 mentis
1430 1638 1710 1703 compos
1741 1617 2285 1705 praesagitionem
2306 1639 2413 1680 as-

328 1721 632 1806 sequitur
683 1717 983 1782 divinam
1026 1728 1091 1780 et
1121 1740 1350 1783 veram
1376 1763 1400 1793 ,
1450 1718 1561 1782 sed
1601 1720 1708 1784 vel
1749 1744 1874 1809 per
1903 1723 2214 1785 somnum
2243 1742 2416 1806 pru-

331 1823 598 1889 dentiae
637 1818 706 1885 vi
752 1819 1057 1905 colligata
1098 1821 1214 1885 vel*
1249 1843 1374 1908 per
1419 1823 1737 1889 morbum
1779 1822 2251 1887 instinctumve
2297 1820 2417 1885 ali-

330 1948 536 2011 quem
580 1922 888 1989 divinum
933 1932 997 1985 et
1041 1920 1340 1986 afflatum
1384 1937 1721 2009 permota.
1791 1917 1901 1991 sed
1941 1922 2286 2013 prudentis
2328 1925 2417 1986 est

328 2026 707 2116 perspicere
758 2023 1224 2090 recordantem
1277 2047 1353 2088 ea
1397 2047 1568 2111 quae
1606 2027 1716 2091 vel
1746 2028 2077 2095 somnians
2110 2027 2222 2091 vel
2248 2024 2416 2111 vigi-

325 2134 476 2193 lans
494 2126 753 2215 profert
768 2138 1013 2192 natura
1030 2126 1446 2214 praesagiens
1464 2140 1531 2193 et
1550 2119 1785 2194 divino
1805 2128 2043 2196 afflatu
2061 2127 2415 2205 concitata,

332 2243 398 2296 et
424 2252 893 2318 quaecumque
909 2232 1051 2297 visa
1071 2228 1495 2310 obiiciantur,
1513 2231 1741 2296 omnia
1756 2246 2073 2322 reputare
2092 2230 2417 2298 et'diiudi-

331 2357 506 2409 care,
532 2346 867 2418 quatenus
885 2333 1247 2419 significent
1265 2343 1330 2396 et
1347 2333 1457 2397 cui
1474 2334 1729 2421 aliquid·
1745 2336 1905 2401 mali
1925 2337 2028 2400 vel
2044 2334 2203 2400 boni
2227 2332 2414 2397 futu-

330 2439 394 2503 ri
411 2438 517 2503 vel
532 2436 874 2525 praeteriti
892 2437 1005 2500 vel
1028 2436 1435 2523 praesentis3
1469 2436 1614 2500 eius
1633 2450 1860 2502 autem
1882 2440 1996 2523 qui
2014 2447 2239 2501 mente
2252 2434 2413 2499 inci-

330 2551 511 2604 tatus
539 2541 625 2602 est
653 2550 718 2602 et
758 2538 981 2602 adhuc
1019 2538 1093 2601 in
1127 2537 1255 2602 hoc
1289 2539 1969 2618 statu'versatur,non
2000 2540 2089 2601 est
2114 2559 2287 2621 quae
2303 2535 2416 2600 vi-

333 2641 508 2706 derit
536 2652 605 2703 et
631 2638 989 2727 protulerit
1018 2638 1354 2714 iudicare,
1399 2639 1511 2701 sed
1541 2639 1712 2702 bene
1741 2638 1880 2705 iam
1906 2639 2272 2726 antiquitus
2300 2637 2414 2703 di·-

332 2755 522 2807 ctum
566 2742 653 2804 est
698 2739 771 2804 in
807 2739 1172 2827 sapientem
1222 2741 1439 2806 solum
1481 2740 1722 2806 cadere
1750 2753 1830 2806 ut
1870 2753 2113 2828 agatet
2156 2761 2414 2826 cogno·-

330 2846 473 2908 scat
500 2853 569 2905 et
592 2865 700 2906 res
730 2844 875 2906 suas
902 2854 967 2906 et
984 2844 1190 2907 semet
1216 2828 1459 2926 ipsum.
1509 2840 1820 2927 quocirca
1842 2843 1950 2908 lex
1981 2846 2067 2908 est
2092 2855 2167 2908 ut
2193 2843 2413 2908 inter·-

326 2957 555 3034 pretes
612 2943 859 3008 divinis
931 2941 1518 3009 vaticinationibus
1586 2943 1843 3011 iudices
1870 2944 1877 2949 “
1905 2947 2412 3037 praeficiantur,

331 3068 495 3134 quos
526 3057 705 3111 vates
749 3058 1152 3132 nuncupant
1195 3044 1472 3129 quidam
1516 3050 1789 3135 prorsus
1817 3051 2230 3136 ignorante8‚
2289 3049 2412 3113 hos

333 3149 768 3223 oracudorum
818 3148 1096 3213 obscure
1138 3149 1479 3215 editorum
1519 3163 1590 3215 et
1632 3150 1931 3217 visorum
1967 3154 2090 3217 effe
2131 3151 2410 3231 iudiceS,

331 3248 729 3335 neutiquam
793 3263 1020 3326 vates;
1078 3250 1480 3340 interpretes
1531 3276 1690 3320 vero
1733 3254 2247 3320 vaticinantium
2294 3275 2412 3317 re-

330 3351 606 3416 ctisfime
641 3351 975 3416 dicentur.

501 3453 597 3516 Ac
633 3463 875 3519 natura
923 3454 1195 3539 quidem
1242 3455 1491 3524 iecoris
1518 3459 1638 3524 has
1669 3458 1757 3524 ob
1795 3460 2023 3523 causas
2050 3456 2200 3520 talis
2235 3466 2301 3519 et
2331 3476 2411 3519 eo

329 3554 404 3619 in
433 3553 586 3617 loco
619 3575 822 3638 quem
850 3556 1145 3624 diximus
1177 3557 1674 3626 vaticinationis
1716 3561 1909 3625 causa
1946 3559 2154 3646 pofita
2183 3559 2287 3622 est.
2347 3567 2414 3620 et
2496 3548 2499 3555 ’

330 3656 555 3722 adhuc
599 3654 868 3741 quidem
909 3660 1178 3725 vivente
1224 3682 1491 3749 quoque
1530 3666 1710 3748 figna
1752 3661 1917 3727 illud
1960 3659 2416 3726 manifestiora

329 3758 575 3839 habet,
633 3758 978 3844 privatum
1022 3785 1186 3833 vero
1229 3764 1374 3830 vita
1408 3786 1680 3829 caecum
1725 3764 1960 3828 exfistit
1990 3774 2059 3826 et
2087 3760 2415 3829 vaticina-

331 3860 549 3926 tiones
599 3860 1017 3930 obscuriores
1063 3864 1268 3929 habet
1307 3887 1509 3950 quam
1554 3877 1632 3929 ut
1680 3865 1847 3929 clari
1881 3864 2043 3951 quid
2078 3863 2413 3950 significet.
2480 3874 2485 3878 ’

208 4004 222 4020 .
332 3961 726 4029 vicinorum
771 3977 996 4029 autem
1035 3964 1381 4030 ‘viscerum
1432 3965 1832 4030 constructio
1866 3977 1931 4028 et
1977 3967 2158 4032 [edes
2190 3993 2229 4034 a
2255 3966 2418 4031 fini-

330 4066 462 4130 stra
490 4063 547 4129 ei
582 4066 899 4133 collocata
928 4069 1039 4147 est,
1089 4079 1167 4131 ut
1199 4067 1417 4155 ipsum
1443 4066 1871 4155 splendidum
1903 4066 2165 4160 semper
2197 4083 2259 4135 et
2285 4092 2418 4156 pu-
