2738 4600
1097 337 1613 436 TIM-aEUs.
2278 367 2400 413 221

319 528 487 595 tam,
532 512 864 587 auditum,
912 507 1480 578 considerantibus
1515 514 2004 602 exponendum
2034 518 2141 595 est,
2158 517 2404 604 quibus

320 644 362 688 c
391 620 605 687 'caufis
647 616 792 682 eius
831 613 1212 679 affectiones
1259 615 1586 680 exfissant.
1641 616 1715 682 in
1763 618 2151 685 universum
2197 622 2402 709 igitur
2452 687 2456 700 ,

320 748 562 795 vocem
592 740 925 810 ponamus
960 716 1168 780 ictum
1208 721 1334 782 effe
1363 720 1447 782 ab
1474 718 1630 783 aere
1662 742 1786 807 per
1811 743 2004 787 aures
2035 724 2402 789 excitatum

320 826 584 899 cerebri
616 835 682 888 et
721 818 1052 907 sanguinis
1101 839 1313 905 usque
1353 821 1438 884 ad
1482 820 1784 887 animum
1834 825 2305 908 transfusum„
2333 836 2402 892 et

318 932 695 1000 motionem
728 923 811 987 ab
843 947 921 987 eo
969 921 1322 987 excitatam
1342 973 1362 1004 ‚
1409 946 1449 988 a
1480 923 1698 1011 rapite
1727 924 2197 993 exordientem
2232 930 2400 995 etin
2440 959 2447 966 ⁴

315 1032 561 1100 iecoris
598 1027 1219 1108 fede'definentem,
1262 1026 1606 1108 auditum,
1652 1049 1937 1113 eamque
1973 1054 2147 1116 quae
2176 1033 2398 1108 velox,

318 1148 630 1206 acutam,
676 1154 849 1218 quae
897 1152 1062 1195 vero
1098 1127 1392 1209 tardior,
1436 1130 1860 1227 graviorem3
1906 1146 1973 1197 et
2003 1157 2210 1198 unam
2244 1135 2404 1220 qui·-

316 1243 474 1307 dem
534 1235 880 1325 aequalem
926 1245 996 1296 et
1039 1234 1294 1312 lenem,
1361 1233 1769 1299 contrariam
1797 1255 1801 1260 ’
1827 1257 1988 1301 vero
2049 1231 2400 1323 asperam3

312 1364 631 1431 magnam
665 1359 870 1426 porro
899 1334 1240 1419 ingentem
1261 1378 1280 1407 ,
1326 1337 1729 1400 contrariam
1764 1360 2061 1424 parvam.
2131 1341 2217 1405 de
2242 1362 2400 1405 con·

312 1459 516 1514 centu
545 1451 778 1508 autem
822 1459 1057 1504 earum
1102 1433 1176 1501 in
1217 1435 1296 1500 iis
1327 1455 1500 1524 quae
1535 1436 1718 1504 infra
1766 1440 2045 1508 dicenda
2087 1444 2243 1509 sunt
2273 1465 2398 1508 ex·-

308 1552 479 1639 poni
506 1555 795 1635 oportet.

489 1650 837 1738 Quartum
879 1644 1013 1709 iam
1051 1645 1248 1709 restat
1278 1644 1501 1711 adhuc
1524 1667 1740 1732 genus
1762 1647 1959 1712 nobis
1983 1648 2310 1729 sentiendi
2329 1648 2399 1713 vi
2432 1685 2435 1690 ·

308 1755 737 1847 praeditum,
796 1748 973 1833 quod
1025 1746 1352 1834 explicari
1397 1760 1668 1836 oportet
1695 1751 2040 1836 multas-in
2071 1752 2137 1815 se
2172 1752 2399 1814 varie-
2458 1741 2461 1746 '

309 1871 486 1926 tates
520 1856 808 1931 habens,
867 1871 1027 1936 quas
1071 1872 1305 1916 omnes
1338 1852 1422 1916 ad
1466 1874 1684 1919 unum
1712 1855 1973 1918 colores
2004 1851 2398 1919 nominavi-

306 1957 493 2041 mus,⁴
513 1959 858 2024 flammam
887 1975 923 2017 e
956 1951 1359 2041 corporibus
1384 1949 1762 2042 quibusque
1788 1955 2197 2036 effluentem,
2234 1949 2399 2022 visui

309 2075 756 2149 congruentes
803 2068 1030 2146 partes
1070 2056 1433 2123 habentem
1469 2059 1552 2123 ad
1584 2060 1868 2124 sensum.
1932 2061 2015 2125 de
2049 2058 2197 2144 ipsis
2229 2077 2395 2122 vero

303 2170 514 2237 caufis
565 2185 735 2250 quae
778 2162 994 2226 visum
1043 2161 1518 2250 produxerunt.
1575 2163 1778 2251 supra
1849 2166 2218 2252 expositum
2281 2160 2391 2223 est.

303 2273 536 2357 itaque
569 2267 655 2333 de
691 2265 1029 2332 coloribus
1070 2262 1378 2330 maxime
1408 2265 1728 2333 convenit
1758 2290 1835 2334 ac
1866 2267 2052 2333 decet
2092 2262 2393 2332 oratione

305 2372 748 2443 consentanea
779 2368 1118 2448 disserere,
1163 2390 1244 2432 ea
1272 2391 1447 2454 quae
1470 2371 1720 2436 'ceteris
1750 2372 2056 2461 partibus
2080 2367 2393 2432 ferantur

308 2490 379 2543 et
416 2476 487 2542 in
531 2475 746 2537 visum
794 2471 1149 2536 incurrant
1187 2472 1441 2558 partim
1474 2472 1779 2546 minora,
1827 2472 2073 2560 partim
2112 2469 2392 2551 maiora,

303 2576 561 2671 p‘artim
607 2573 904 2658 aequalia
947 2576 1074 2638 effe
1119 2573 1320 2658 ipfiue
1375 2574 1556 2637 visus
1601 2574 1919 2661 partibus·
1980 2586 2047 2640 et
2086 2571 2394 2658 aequalia

308 2676 588 2771 q'uidem
618 2677 739 2741 sub
773 2674 1038 2740 sensum
1076 2680 1242 2741 non'
1266 2675 1549 2759 cadunt,
1597 2694 1771 2763 quae
1809 2679 2009 2744 etiam
2054 2675 2391 2768 pellucida

305 2772 612 2856 dicimus,
658 2777 916 2843 maiora
947 2789 1171 2842 autem
1206 2788 1276 2841 et
1302 2777 1602 2860 minora,
1648 2782 2118 2847 contrahentia
2147 2793 2216 2845 et
2249 2777 2391 2844 dis-

303 2885 649 2955 cernentia
682 2880 921 2962 visum,
965 2880 1062 2944 eis
1088 2903 1269 2969 quae
1289 2883 1374 2948 ad
1412 2905 1678 2948 carnem
1711 2884 1923 2952 calida
1956 2897 2022 2951 et
2052 2882 2292 2972 frigida
2322 2892 2391 2946 et

302 2991 386 3058 ad
427 2992 728 3074 linguam
775 2983 1015 3048 acerba
1058 2981 1212 3047 sunt
1248 2997 1314 3048 et
1343 3008 1806 3072 quaecumque
1845 2986 2279 3054 calefaciendi
2320 2981 2390 3046 vi

301 3092 610 3184 praedita
635 3084 1141 3152 nominavimus
1181 3085 1395 3167 acria,
1441 3102 1720 3173 cognata
1764 3093 1955 3170 sunt,
1999 3090 2149 3157 alba
2175 3101 2242 3152 et
2275 3084 2415 3151 ni-⁴

301 3217 443 3282 gra,
489 3213 660 3280 quae
687 3189 958 3254 illorum
989 3191 1145 3253 sunt
1161 3189 1546 3257 affectiones
1560 3191 1633 3256 in
1663 3193 1795 3257 alio
1824 3216 2069 3280 genere
2084 3192 2385 3269 eaedem,

300 3299 627 3364 videntur
662 3303 893 3356 autem
937 3291 1108 3357 aliae
1154 3304 1435 3381 propter
1466 3295 1585 3359 has
1610 3297 1858 3360 causas.
1917 3297 2014 3362 ita
2048 3295 2254 3379 igitur
2269 3291 2388 3357 illa

301 3396 700 3486 appellanda
728 3395 902 3469 sunt,
932 3396 997 3460 id
1030 3397 1212 3481 quod
1246 3397 1465 3462 visum
1492 3397 1808 3464 discernit
1835 3399 2090 3477 album,
2124 3408 2194 3458 et
2215 3415 2383 3457 con.-

299 3499 593 3569 trarium
620 3498 759 3564 eius
775 3498 1042 3583 nigrum
1066 3523 1087 3577 3
1133 3499 1712 3566 vehementiorem
1741 3513 1969 3566 autem
1997 3500 2381 3577 motionem,

302 3592 604 3689 eamque
638 3600 806 3666 alius
847 3602 1107 3689 generis
1150 3603 1362 3689 ignis,
1420 3604 1862 3677 incidentem,
1910 3603 2126 3667 visum
2169 3623 2407 3687 usque.

261 3688 278 3705 ’
299 3706 385 3772 ad
399 3694 649 3770 ‘oculos
683 3704 1175 3771 discernentem
1217 3707 1522 3794 ipsasque
1558 3696 1916 3772 oculorum
1959 3705 2095 3768 vias
2125 3704 2383 3792 dispel-

297 3808 569 3876 lentem'
608 3808 688 3874 vi'
720 3819 922 3892 atque
969 3807 1552 3894 liquefacientem,
1613 3830 1785 3894 quae
1837 3808 2061 3895 ignem
2107 3805 2379 3894 quidem

299 3911 632 3999 fimulque
656 3935 923 3999 aquam,
971 3935 1175 3997 quam
1204 3913 1572 3997 lacrymam
1606 3910 1890 3977 dicimus
1912 3961 1930 3994 ‚
1973 3910 2135 3977 inde
2151 3909 2381 3978 effun-

298 4013 417 4095 dit,
461 4015 598 4102 ipsa
626 4037 794 4083 vero
815 4016 991 4105 ignis
1019 4019 1142 4099 est,
1200 4037 1284 4080 ex
1315 4015 1594 4079 adverso
1622 4036 2007 4093 occurrens,
2047 4037 2180 4102 quo
2207 4038 2377 4106 par·-

297 4115 422 4182 tim
457 4119 799 4189 exsiliente
839 4120 1028 4189 velut
1053 4142 1093 4187 a
1126 4116 1395 4208 fulgure
1439 4118 1692 4207 partim
1736 4108 2157 4208 ingrediente
2194 4135 2265 4188 et
2298 4122 2375 4187 in
