2738 4600
1072 357 1571 428 TIMAEUS.
2014 411 2018 422 .
2239 370 2368 459 259

283 556 442 603 rum
474 527 909 599 instrumenta
935 514 1355 610 exstiterunt,
1401 534 1672 618 quando
1699 536 1960 621 sanguis
2008 558 2151 604 non
2188 561 2226 603 e
2259 542 2368 605 ci·-

284 639 387 704 bis
417 645 498 702 et
526 635 796 725 potibus
842 644 1126 700 naturae
1166 634 1655 703 convenienter
1690 637 1829 702 'sese
1861 640 2135 728 implet,
2180 644 2289 706 sed
2325 666 2377 708 e.

273 736 652 807 'contrariis
680 749 952 828 praeter
999 749 1288 804 naturae
1332 739 1508 827 leges
1555 741 1807 806 molem
1857 743 2119 828 accipit.
2197 746 2366 811 dum

280 845 492 931 igitur
542 867 582 909 a
620 840 874 907 morbis
905 864 1061 907 caro
1105 863 1414 929 quaeque
1448 842 1864 921 dissolvitur,
1910 844 2162 908 radices
2198 871 2362 913 vero

283 948 348 1012 ei
377 956 688 1023 manent,
734 944 1011 1010 dimidia
1057 946 1147 1008 est
1195 946 1295 1011 vis
1334 946 1765 1024 calamitatis;
1810 943 2012 1009 facile
2043 947 2221 1022 enim
2247 950 2366 1015 illa
2429 1010 2432 1014 .

281 1043 674 1137 recuperari
709 1048 938 1135 potest.
985 1065 1198 1133 quum
1239 1061 1467 1118 autem
1499 1049 1565 1112 id
1602 1048 1789 1134 quod
1819 1070 2054 1113 carnes
2085 1072 2239 1114 eum
2270 1052 2365 1115 os-

245 1217 250 1222 .
281 1145 459 1219 sibus
490 1148 698 1216 nectit
728 1160 1032 1234 aegrotat
1053 1194 1073 1225 ‚
1121 1172 1247 1215 nec
1277 1153 1413 1217 iam
1439 1151 1702 1238 sanguis
1736 1174 1774 1214 e
1804 1150 1993 1215 fibris
2034 1163 2101 1215 et
2134 1155 2367 1217 nervis

282 1257 570 1319 secretus
620 1249 860 1317 osfibus
898 1251 1296 1316 alimentum
1339 1253 1650 1340 praebet,
1696 1276 2107 1342 quamquam
2146 1255 2366 1321 carnis

281 1368 355 1423 et
379 1357 615 1422 ossium
658 1354 898 1419 exfistit
926 1352 1311 1434 vinculum,
1360 1353 1467 1416 sed
1501 1377 1538 1416 e
1568 1354 1801 1441 pingui
1848 1366 1910 1418 et
1938 1358 2073 1421 levi
2110 1370 2180 1423 et
2212 1358 2368 1445 glu-

282 1460 494 1525 tinoso
532 1460 727 1543 asper
756 1467 822 1520 et
849 1456 1050 1519 salsus
1094 1453 1206 1535 fit,
1248 1455 1506 1542 quippe
1546 1459 1841 1520 arescens
1882 1472 2163 1546 propter
2209 1483 2366 1548 pra-

281 1556 456 1628 vum
492 1559 783 1641 victum,
812 1569 960 1621 tum
995 1557 1290 1643 quidque
1323 1557 1419 1622 ita
1450 1556 1772 1622 affectum
1805 1562 2178 1626 conteritur
2208 1562 2369 1647 qui-.

286 1652 451 1730 dem*
476 1663 693 1751 ipsum
724 1660 956 1725 rursus
984 1659 1105 1723 sub
1136 1681 1372 1725 carnes
1401 1670 1469 1723 et
1497 1683 1766 1732 nervoS,
1801 1660 2108 1727 secedens
2137 1663 2220 1727 ab
2253 1666 2365 1728 os-

283 1763 495 1844 sibus,
554 1784 785 1828 carnes
815 1785 979 1828 vero
1030 1783 1066 1824 e
1110 1761 1442 1827 radicibus
1474 1765 1662 1829 fimul
1701 1765 2082 1829 excidentes
2122 1785 2368 1828 nervos

283 1870 681 1951 relinquunt
719 1865 934 1930 nudos
977 1865 1525 1953 plenosque.salfi
1567 1866 1910 1939 humoris,
1976 1865 2156 1953 ipsae
2207 1865 2379 1938 dein,

284 1971 516 2037 rursus
546 1969 617 2032 in
649 1966 985 2052 sanguinis
1011 1969 1276 2033 cursum
1319 1967 1691 2032 incidentes
1729 1968 2006 2033 morbos
2033 1970 2230 2053 supra
2262 1968 2368 2032 di-

287 2084 431 2137 ctos
457 2071 686 2157 plures
717 2069 1038 2135 efficiunt.
1109 2069 1430 2158 gravibus
1463 2082 1684 2135 autem
1728 2071 2163 2158 his‘corporis
2197 2069 2377 2156 affe-t

287 2170 617 2237 ctionibus
650 2173 937 2238 maiores
975 2172 1177 2238 etiam
1216 2175 1526 2237 exfistunt
1555 2196 1724 2259 quae
1754 2174 1899 2239 illas
1931 2174 2364 2262 praecedunt,

287 2296 499 2359 quum
550 2263 642 2338 os
665 2287 940 2363 propter
978 2274 1198 2343 carnis
1245 2275 1635 2342 denfitatem
1676 2274 2187 2362 respirationem
2221 2299 2367 2340 non

284 2378 522 2442 iustam
548 2378 792 2465 accipit
827 2390 891 2443 et
921 2401 960 2443 a
995 2380 1177 2443 carie
1206 2380 1607 2445 incalescens
1644 2381 2050 2464 exesumque
2078 2379 2370 2443 alimen«-

285 2474 438 2544 tum
452 2481 714 2545 nullum
731 2481 1360 2570 recipit,ipsumque
1374 2480 1447 2543 in
1465 2480 1634 2545 illud
1652 2481 1997 2546 contrario
2024 2482 2227 2547 modo
2254 2506 2370 2546 ιο-
2444 2528 2455 2534 -

289 2582 575 2646 vertitur
589 2581 1119 2663 contritum‚hoc
1149 2605 1314 2648 vero
1342 2582 1412 2647 in
1445 2605 1703 2658 carnes,
1717 2595 1781 2646 et
1810 2607 1964 2648 caro
1990 2583 2063 2647 in
2101 2583 2373 2669 sangui.-

288 2706 451 2748 nem
477 2683 779 2747 incidens
812 2684 1177 2771 asperiores
1209 2708 1446 2749 omnes
1474 2684 1924 2771 superioribus
1948 2685 2230 2750 'morbos
2262 2684 2377 2760 elm-

287 2784 447 2850 ficit.
488 2786 818 2850 omnium
861 2797 1089 2850 autem
1133 2799 1553 2867 extremum,
1600 2807 1811 2870 quum
1855 2788 2192 2852 medullae
2241 2811 2377 2853 na-

287 2899 444 2951 tura
497 2909 537 2951 e
582 2886 850 2954 defectu
899 2888 1007 2952 vel
1050 2888 1260 2953 nimia
1289 2889 1513 2974 aliqua
1538 2888 1725 2969 copia
1759 2901 2094 2976 aegrotat,
2141 2891 2374 2965 maxi-

289 3012 440 3055 mos
471 3001 539 3057 et
566 2989 648 3054 ad
677 3001 966 3056 mortem
1000 2990 1472 3058 efficaciffimos
1500 2992 1773 3059 morbos
1800 2993 2023 3074 affert,
2051 2996 2371 3064 univeria

293 3093 588 3179 corporis
620 3107 864 3160 natura
893 3117 1051 3160 cum
1099 3096 1472 3160 neceffitate
1508 3093 1744 3158 ordine
1785 3095 2054 3160 inverso
2084 3094 2367 3160 fluente.

291 3197 588 3261 Tertiam
617 3197 1016 3262 morborum
1049 3198 1337 3286 speciem
1384 3195 1718 3274 trifariam
1751 3195 1903 3262 fieri
1949 3209 2217 3284 oportet
2244 3219 2372 3261 exv·

289 3297 600 3378 istimari,
645 3321 682 3362 e
715 3299 983 3386 spiritu,
1029 3322 1066 3363 e
1098 3299 1337 3386 pituita
1371 3297 1440 3372 et
1479 3321 1514 3361 e
1559 3295 1694 3363 bili.
1751 3299 2023 3383 quando
2054 3298 2370 3387 videlicet

258 3398 411 3485 ·qui
456 3399 807 3482 spirituum
861 3403 1129 3490 corpori
1165 3410 1571 3490 procurator
1596 3404 1683 3466 est
1719 3403 1955 3490 pulmo
1990 3423 2128 3465 non
2161 3417 2368 3487 puros

287 3499 571 3589 praebet
608 3502 918 3568 transitus
950 3527 991 3567 a
1033 3502 1450 3569 fluxionibus
1479 3503 1848 3567 obstructus
1864 3549 1888 3580 ‚
1930 3501 2198 3589 spiritus
2234 3501 2370 3576 huo

291 3602 570 3689 quidem
610 3626 745 3670 non
784 3606 1077 3689 intrans,
1119 3607 1277 3674 illuc
1319 3630 1480 3671 vero
1515 3606 1837 3694 copiosior
1877 3626 2082 3687 quam
2114 3626 2370 3668 conve-

291 3705 398 3771 nit
436 3705 816 3795 ingrediens
869 3731 948 3778 ea
990 3732 1161 3798 quae
1204 3707 1645 3798 respiratione
1707 3717 1939 3776 carent
1978 3702 2366 3797 putrefacit,

1800 4215 1942 4282 ΒΩ
