2738 4600
1069 318 1590 416 TIMAEUS,
2245 274 2374 419 177*

285 480 634 562 auitiliaris'
660 505 700 561 a
740 490 948 561 Mufis
984 492 1141 559 data
1169 495 1257 558 est
1267 514 1291 572 3
1338 503 1407 558 et
1431 487 1758 558 nume-fun
1785 480 2054 582 quoque
2079 492 2368 587 propfer

282 595 816 678 immoderatum
843 598 916 662 in
946 597 1140 664 nobis
1155 596 1630 679 venustate-que
1657 599 2083 667 carentemin
2116 602 2368 689 pleris-

282 716 417 781 que
440 692 749 765 habitum
785 691 1055 765 adiutor
1084 698 1168 764 ab
1203 695 1455 762 eisdem
1486 695 1679 762 datus
1712 700 1817 766 est.

447 801 590 866 Iam
624 807 995 891 praegreffa
1017 797 1238 868 nostra
1272 800 1516 872 oratio,
1541 800 1775 887 paucis
1809 801 2128 889 exeeptis,
2169 828 2365 872 com..

275 904 675 986 monstravit
719 928 796 970 ea
840 926 1013 990 quae
1056 915 1288 970 mente
1312 898 1565 968 effecta
1601 902 1790 976 iunt3
1837 916 2104 990 oportet
2134 924 2361 976 autem

276 1002 481 1070 etiam
533 999 610 1071 ea
662 1028 831 1093 quae
872 1008 1252 1073 neceffitate
1305 1003 1486 1069 faeta
1532 1004 1690 1068 sunt
1730 993 2037 1072 oratione
2079 1014 2354 1099 apponi.

270 1104 493 1172 mixta
530 1108 836 1175 videlieet
872 1110 1077 1175 huius
1106 1109 1346 1176 mundi
1381 1107 1566 1192 origo
1599 1129 1688 1171 ex
1719 1108 2108 1176 necessitatis
2136 1124 2206 1178 et
2236 1138 2359 1182 ra-

259 1208 474 1296 ·tionis
504 1211 978 1278 coniunctione
1015 1214 1305 1278 conflata
1333 1213 1460 1290 est3
1506 1208 1680 1274 ratio
1709 1221 1940 1276 autem
1971 1233 2182 1302 quum
2229 1238 2357 1292 nef-

268 1312 625 1379 cesfitatem
679 1327 952 1399 regeret
1036 1312 1233 1400 eique
1302 1312 1740 1399 persuaderet
1809 1323 1885 1378 ut
1959 1318 2348 1385 maximam

218 1417 222 1421 ’
264 1433 499 1479 rerum
530 1413 701 1500 quae
729 1416 1171 1502 gignerentur
1195 1421 1465 1504 partem
1497 1413 1580 1477 ad
1608 1414 1945 1503 optimum
1961 1418 2352 1501 adduceret,

263 1510 361 1578 ita
404 1525 472 1578 et
512 1515 640 1581 hac
676 1519 939 1582 ratione
977 1540 1104 1604 per
1142 1517 1590 1581 necessitatem
1624 1517 2036 1602 persuasioni
2061 1522 2351 1608 sapienti

260 1614 625 1681 subiectam
667 1618 861 1684 initio
892 1611 1341 1686 constructum
1373 1618 1460 1681 est
1490 1617 1621 1681 hoc
1656 1617 2065 1689 universum.
2124 1627 2170 1687 fi
2196 1626 2348 1710 quis
2395 1702 2398 1705 ⁴

257 1713 471 1800 igitur
515 1720 853 1802 quomodo
900 1719 1158 1786 factum
1202 1722 1275 1784 fit
1307 1719 1402 1783 ita
1429 1738 1595 1788 vere
1619 1718 1914 1785 dicturus
1949 1726 2071 1803 est,
2116 1726 2341 1789 admi-

256 1816 502 1882 scenda
548 1819 607 1885 ei
634 1822 837 1887 etiam
866 1824 1101 1889 causae
1131 1823 1382 1910 species
1427 1820 1735 1900 errantiS,
1789 1843 1923 1905 quo
1951 1836 2194 1891 natura
2224 1829 2346 1908 sua

254 1915 412 1987 fert.
474 1920 567 1986 ita
609 1924 743 1990 iam
787 1924 982 1990 nobis
1022 1919 1449 1990 redeundum
1503 1924 1626 2001 est,
1674 1932 1743 1986 et
1767 1923 1949 1988 aliud
1974 1931 2207 1995 rursus
2239 1932 2343 2006 his

252 2019 408 2109 ipfis
449 2027 861 2092 conveniens
898 2027 1165 2091 initium
1212 2027 1582 2103 summme,
1629 2027 2209 2111 quemadmodum
2254 2031 2340 2095 de

248 2123 382 2189 ilhs
409 2137 587 2206 tunc,
605 2127 697 2194 ita
722 2152 905 2196 nunc
925 2130 1006 2194 de
1028 2128 1130 2194 his
1153 2150 1281 2214 ff‘uu
1283 2128 1393 2191 sus
1425 2126 1508 2191 ab
1539 2125 1728 2193 initio
1752 2151 1877 2194 nos
1891 2130 2105 2195 ordiri
2124 2123 2359 2220 opor-⁴

251 2236 369 2291 tet.
412 2229 765 2316 spectanda
795 2243 1018 2295 autem
1050 2243 1208 2297 ante
1233 2230 1397 2295 caeli
1424 2219 1651 2294 o'rtum
1674 2228 1849 2319 ipsa
1827 2232 1998 2318 ignis
2025 2243 2093 2297 et
2117 2254 2336 2320 aquae

249 2341 318 2395 et
342 2332 510 2398 aeris
540 2332 607 2399 et
633 2346 855 2400 terrae
880 2345 1126 2401 natura
1158 2355 1369 2420 eaque
1397 2355 1566 2420 quae
1608 2346 1769 2398 ante
1793 2333 1898 2399 his
1927 2346 2327 2401 evenerunt.

248 2453 431 2499 nunc
482 2436 661 2501 enim
715 2458 916 2501 nemo
955 2435 1181 2501 adhuc
1224 2456 1463 2501 eorum
1504 2446 1745 2507 ⁴ortum
1786 2434 2155 2515 indicavit,
2215 2435 2334 2499 sed

243 2543 591 2619 tamquam
634 2538 987 2602 scientibus
1032 2536 1194 2622 quid
1246 2536 1520 2602 tandem
1569 2536 1738 2620 ignis
1783 2535 1862 2600 fit
1904 2547 1971 2599 et
2015 2537 2346 2622 quodque·

242 2657 485 2702 eorum
514 2638 795 2713 dicimus
823 2639 1158 2728 principia
1187 2636 1692 2723 elementa-ipsa
1724 2636 2164 2702 universitatis
2209 2661 2328 2726 po-

240 2750 511 2817 nentes,
557 2762 769 2825 quum
814 2762 903 2806 ne
927 2762 1082 2807 cum
1116 2740 1406 2828 syllabae
1440 2738 1716 2826 quidem
1736 2738 1961 2824 speeie
1993 2740 2147 2810 iure
2179 2741 2328 2826 quis

242 2862 321 2909 ea
343 2841 453 2905 vel
469 2843 844 2928 paullulum
872 2843 1240 2929 intelligens
1268 2863 1661 2927 comparare
1678 2842 1884 2926 possit.
1906 2862 2088 2904 nunc
2114 2839 2325 2926 igitur

239 2943 417 3029 quod
466 2945 549 3008 ad
581 2967 702 3010 nos
742 2946 1016 3030 quidem
1059 2943 1300 3009 attinet
1331 2944 1420 3011 ita
1450 2943 1730 3010 habeto:
1776 2943 1861 3009 de
1889 2963 2120 3007 rerum
2166 2966 2324 3008 om-

236 3044 426 3110 nium
445 3046 777 3134 principio
794 3051 900 3112 vel
925 3045 1271 3136 principiis
1301 3045 1412 3110 vel
1431 3048 1767 3133 quomodo
1793 3046 1877 3110 de
1908 3044 2011 3108 his
2026 3043 2317 3120 videtur,

233 3168 418 3212 nunc
439 3172 575 3214 non
603 3152 690 3215 est
707 3150 1088 3227 dicendum,
1105 3150 1279 3214 hane
1311 3148 1522 3212 solam
1551 3148 1638 3212 ob
1658 3149 1924 3212 eausam
1948 3143 2107 3228 quia
2140 3143 2319 3208 diffi-

233 3250 359 3315 cile
376 3253 463 3316 est
479 3275 561 3325 ex
579 3265 929 3340 praesente
945 3249 1359 3331 tractationis
1377 3248 1637 3313 ratione
1651 3249 1995 3314 declarare
2016 3266 2189 3330 quae
2211 3243 2317 3307 vi-

153 3375 160 3382 ·
230 3350 821 3439 denlurmeigitur
852 3377 966 3418 vos
1000 3351 1419 3423 arbitramini
1448 3362 1758 3439 oportere
1791 3370 1901 3414 me
1936 3346 2181 3418 dicere,
2198 3365 2312 3407 ne-

228 3474 362 3540 que
381 3477 502 3540 ego
524 3469 757 3521 contra
770 3454 1213 3542 mihimetipsi
1231 3454 1564 3542 potuerim
1586 3449 1994 3539 persuadere
2008 3458 2187 3511 recte
2199 3466 2312 3511 me

226 3554 498 3643 aggredi
517 3557 600 3626 ad
616 3568 880 3623 tantum
899 3581 1064 3645 opus
1078 3553 1597 3643 suscipiendum.
1630 3551 1697 3616 id
1720 3565 1950 3616 tamen
1975 3547 2157 3633 quod
2187 3543 2310 3610 ini-

225 3658 319 3723 tio
351 3658 491 3724 dixi
532 3660 838 3737 servans,
869 3659 1247 3725 orationum
1284 3658 1421 3720 vim
1458 3655 1594 3718 veri
1627 3648 1982 3722 fimilium,
2012 3645 2310 3721 conabor

224 3782 365 3825 non
385 3762 629 3841 minua,
648 3761 756 3824 sed
787 3761 997 3846 magis
1018 3762 1216 3827 etiam
1246 3757 1481 3845 quovis
1502 3778 1642 3820 uno
1674 3748 2048 3841 probabilia
2075 3749 2308 3834 rursus

222 3862 309 3927 ab
329 3862 522 3929 initio
543 3864 626 3927 de
653 3862 913 3948 fingulis
930 3875 1000 3927 et
1026 3862 1351 3927 univerfis
1373 3859 1616 3922 dicere.
1639 3856 1842 3918 deum
1863 3861 2095 3915 autem
2122 3871 2308 3915 nunc

224 3986 491 4052 quoque
527 3967 600 4032 in
640 3964 970 4034 orationis·
1004 3963 1282 4033 exordio
1319 3961 1731 4046 servatorem
1775 3975 1987 4044 quum
2021 3952 2306 4022 invoca-

307 4174 478 4239 Tom·
533 4171 610 4240 V.
899 4216 910 4221 -
1309 4270 1330 4289 χ
1722 4240 1723 4243 ,
1812 4159 1888 4227 Μ
