2738 4600
1115 260 1631 354 TIMAEUS.
2295 311 2415 367 127

319 450 657 543 quotquot
709 408 900 517 erant
956 446 1301 518 veteribus
1357 456 1796 544 temporibus,
1853 457 1968 535 ista
2015 472 2199 529 cette
2239 485 2420 550 quae

318 558 560 637 modo,
591 555 834 632 Solon,
865 548 950 618 de
980 558 1360 622 vestrorum
1407 559 1501 622 ho
1520 560 1784 624 minum
1813 562 2012 648 stirpe
2043 587 2120 628 ac
2155 586 2412 651 genere

321 660 700 759 exposuisti,
768 682 812 722 a
869 658 1243 747 puerilibus
1295 662 1680 748 paullulum
1746 650 2065 732 differunt
2123 667 2365 734 fabulis
2383 691 2413 751 ς

310 762 621 849 primum
651 761 833 825 enim
861 783 1066 827 unam
1099 774 1323 826 terrae
1352 766 1741 831 eluvionem
1772 768 2098 831 memoria
2140 774 2410 854 tenetis,

310 888 531 952 quum
576 866 828 929 multae
877 876 1040 928 ante
1075 863 1376 947 fuerint,
1438 878 1588 931 tum
1632 866 2171 951 pulcherrimum
2219 873 2409 959 opti-

309 990 649 1052 mumque
676 965 1030 1033 hominum
1053 987 1266 1052 genus
1282 969 1357 1035 in
1386 971 1604 1033 vestra
1630 970 1907 1053 regione
1929 971 2190 1036 nescitis
2218 974 2404 1039 exsti-

218 1138 225 1155 *
309 1066 492 1149 tiffe,
541 1095 620 1135 ex
649 1093 785 1155 quo
818 1081 894 1134 tu
918 1085 986 1133 et
1014 1070 1324 1150 universa
1355 1060 1574 1137 vestra
1617 1073 1856 1137 civitas
1900 1095 2088 1137 nunc
2128 1074 2406 1142 oriundi

311 1171 457 1236 estis
484 1173 718 1237 relicto
749 1175 914 1238 olim
945 1171 1202 1238 lemine
1236 1173 1523 1260 exiguo,
1567 1175 1678 1238 sed
1709 1173 1882 1262 fugit
1911 1175 2046 1240 hoo
2075 1198 2239 1259 vos,
2287 1177 2405 1262 qui

303 1274 678 1361 superstites
708 1277 959 1340 multas
987 1298 1111 1363 per
1141 1285 1394 1339 aetates
1422 1276 1729 1343 a'litteris
1758 1275 2170 1344 interierunt
2201 1280 2402 1348 muti.

304 1389 454 1442 erat
500 1377 813 1443 videlicet
861 1377 1224 1462 aliquando
1236 1423 1260 1454 ,
1315 1377 1558 1458 Solon,
1598 1380 1802 1468 supra
1842 1384 2218 1449 maximam
2269 1406 2405 1472 per

302 1502 514 1566 aquas
542 1479 1330 1563 exstinctionemjcivitas
1360 1503 1533 1565 quae
1565 1502 1746 1546 nunc
1770 1484 1860 1546 est
1888 1485 2398 1553 Atheniensium

301 1594 448 1648 tam
492 1583 762 1668 optima
809 1583 892 1647 ad
939 1582 1185 1647 bellum
1225 1606 1435 1670 quam
1479 1583 1562 1647 ad
1601 1585 1832 1649 omnia
1872 1586 2168 1670 infignite
2215 1587 2402 1671 legi-‚

302 1683 438 1751 bus
464 1697 870 1773 temperata,
915 1685 1102 1750 cuius
1133 1686 1657 1772 praeclarissima
1687 1708 1896 1772 opera
1934 1689 2268 1772 statusque
2290 1690 2396 1753 ci-

301 1788 529 1854 vitatis
564 1788 750 1853 fuifl'e
778 1788 1098 1851 dicuntur
1127 1786 1659 1872 praestantissimi
1703 1786 2008 1861 omnium
2057 1809 2398 1872 quorum-

304 1908 599 1981 cumque
627 1891 748 1956 sub
777 1891 971 1956 caelo
999 1887 1188 1953 fama
1211 1888 1300 1953 ad
1326 1911 1530 1954 aures
1569 1890 1818 1953 nostras
1852 1890 2179 1977 pervenit.

478 2096 754 2185 Quibus
782 2093 1026 2159 auditis
1044 2076 1250 2161 Solon
1279 2095 1581 2161 narravit
1609 2099 1678 2160 se
1704 2096 2019 2163 miratum
2047 2101 2172 2163 effe
2199 2099 2393 2181 sum--⁸

297 2221 558 2286 moque
583 2196 797 2262 studio
829 2203 1081 2285 rogasse
1126 2208 1193 2261 et
1240 2203 1448 2265 oraffe
1489 2199 1859 2264 sacerdotes
1897 2211 1973 2264 ut
2000 2203 2232 2267 omnia
2270 2225 2391 2279 ao-‚

296 2316 531 2369 cur‘ate
556 2299 674 2364 fibi
718 2300 1092 2387 priscorum
1151 2302 1406 2368 civium
1430 2303 1621 2382 {iacta
1662 2303 1901 2369 ordine
1943 2317 2383 2390 exponerent.
2411 2365 2426 2388 ,

296 2418 444 2472 tum
479 2402 885 2469 sacerdotem
915 2405 1315 2491 respondisse
1347 2395 1945 2491 Haudgravabor,
1988 2408 2231 2487 Solon,
2274 2408 2391 2472 sed.

300 2519 370 2586 et
394 2519 509 2574 tua
533 2521 603 2572 et
631 2507 818 2571 urbis
847 2510 1094 2572 vestrae
1128 2510 1341 2593 gratia
1367 2507 1609 2585 dicam,
1625 2507 1927 2574 maxime
1952 2520 2185 2572 autem
2222 2506 2402 2571 deae‘

300 2612 513 2698 gratia
532 2662 549 2690 ‚
593 2632 769 2694 quae
803 2621 871 2673 et
900 2614 1186 2675 vestram
1215 2622 1282 2674 et
1311 2609 1487 2674 hanc
1516 2612 1745 2675 sortito
1792 2609 2085 2674 obtinuit
2109 2620 2177 2672 et
2203 2608 2387 2673 edu-

297 2714 483 2780 cavit
524 2725 590 2778 et
612 2712 919 2790 instituit,
963 2711 1148 2797 prius
1183 2714 1468 2776 vestram
1505 2714 1687 2778 mille
1728 2714 1950 2794 annis,
1997 2736 2035 2776 e
2064 2714 2284 2778 Terra
2315 2721 2386 2777 et

296 2814 605 2885 Vulcano
637 2817 866 2879 semen
902 2814 1096 2879 vestri
1131 2814 1395 2901 generis
1431 2818 1738 2897 sumens,
1784 2830 1849 2882 et
1875 2817 2126 2900 hancce
2162 2814 2388 2901 poste-,

295 2919 452 2986 rius.
499 2917 697 2983 huius
731 2928 962 2981 autem
1001 2918 1259 2986 nostrae
1292 2920 1772 2986 constitutionis
1814 2919 1994 3009 apud
2022 2941 2147 2983 nos
2169 2918 2241 2981 in
2270 2918 2383 2980 sa-

299 3022 425 3087 cris
464 3020 655 3086 libris
700 3021 905 3084 octies
960 3020 1149 3084 mille
1185 3044 1521 3088 annorum
1581 3043 1903 3088 numerus
1949 3022 2229 3110 scriptus
2269 3019 2382 3088 est*

294 3127 432 3190 iam
473 3123 729 3190 civium
761 3124 1036 3189 illorum
1064 3123 1180 3208 qui
1206 3146 1459 3188 novem
1502 3125 1802 3190 millibus
1845 3146 2181 3190 annorum
2218 3132 2380 3186 ante

290 3226 572 3294 fuerunt
602 3250 935 3315 exponam
966 3225 1088 3292 tibi
1115 3225 1409 3292 breviter
1425 3227 1602 3312 leges
1633 3239 1701 3291 et
1714 3247 1998 3315 operum
2029 3247 2203 3312 quae
2230 3222 2381 3286 edi-

294 3328 543 3393 derunt
590 3327 1166 3416 pulcherrimum3
1231 3339 1539 3393 accurate
1581 3350 1749 3393 vero
1798 3331 2027 3395 omnia
2068 3325 2379 3408 deinceps

293 3429 460 3495 alias
489 3451 613 3516 per
630 3430 865 3507 otium,
884 3428 1056 3515 ipsos
1075 3427 1280 3494 libros
1309 3431 1671 3512 sumentes,
1690 3431 2200 3520 explicabimus».
2233 3424 2375 3489 iam

223 3585 230 3594 .
292 3534 476 3616 leges
502 3530 842 3616 considera
870 3552 1020 3596 cum
1040 3531 1135 3595 eis
1157 3554 1331 3617 quae
1359 3531 1471 3597 hic
1499 3535 1649 3598 sunt
1681 3551 2115 3614 compar-anm
2159 3525 2375 3590 multa

289 3633 471 3700 enim
519 3634 828 3720 exempla
861 3657 1101 3699 eorum
1147 3656 1324 3718 quae
1359 3645 1523 3700 tuuc
1561 3633 1742 3721 apud
1780 3654 1897 3696 vos
1941 3629 2220 3695 fuerunt
2264 3625 2378 3694 hic

284 3750 472 3810 nunc
499 3736 833 3823 reperies3
878 3739 1180 3824 primum
1210 3737 1628 3802 sacerdotum
1672 3756 1884 3820 genus
1925 3756 1964 3797 a
1998 3727 2236 3793 ceteris
2268 3731 2375 3796 se·-

285 3848 630 3926 paratum,
676 3838 919 3904 deinde
944 3840 1265 3929 opificum
1296 3862 1504 3926 genus
1524 3885 1545 3917 ,
1589 3858 1800 3920 quum
1837 3857 1956 3922 per
1979 3833 2044 3896 se
2071 3830 2374 3921 quisque,

286 3961 420 4005 non
440 3964 606 4005 cum
641 3942 772 4007 alio
804 3944 1213 4030 permixtus,
1232 3964 1404 4027 opus
1437 3943 1633 4002 suum
1665 3935 1885 4017 faciat,
1917 3943 2124 4025 porro
2154 3940 2377 4026 pasto-
2432 3968 2437 3975 ·

282 4063 435 4108 rum
475 4056 542 4111 et
565 4057 971 4111 venatorum
1010 4055 1077 4109 et
1105 4043 1593 4131 agricolarum3
1628 4048 1833 4125 atque
1859 4041 2066 4110 etiam
2091 4035 2378 4108 bellico·-
