2738 4600
1152 345 1604 463 ΟῌῙᾞΙΑῈ.
2220 383 2225 396 ·
2281 366 2403 464 ,²9⁷

498 519 589 586 Hi
611 517 811 605 igitur
839 515 998 603 quia
1037 516 1202 583 tales
1245 514 1528 581 fuerunt
1571 515 1688 603 ipfi
1725 516 1941 582 ethac
1969 515 2118 583 fere
2148 517 2407 586 rationo

331 635 401 689 et
427 623 618 688 suam
661 620 1006 687 civitatem
1034 629 1102 684 et
1134 619 1489 685 Graeciam
1521 620 1686 684 iuste
1711 618 2287 703 administrarunt‚
2321 645 2402 689 eo

330 748 455 815 per
477 723 866 791 universam
894 723 1239 809 Europam
1282 734 1350 787 et
1377 722 1596 789 Afiam
1614 733 1904 809 propter
1931 724 2227 813 corporis
2259 726 2407 815 pul.

332 828 794 894 chritudinem
824 828 1204 912 multasque
1240 822 1456 888 animi
1489 822 1769 890 virtutes
1815 826 2084 912 spectati
2126 826 2409 895 fuerunt

331 943 537 1018 atque
558 928 888 995 clarissimi
917 929 1226 996 omnium
1257 927 1374 1012 qui
1405 937 1552 991 tum
1593 927 1929 993 vixerunt.
1997 929 2408 997 adversario·

330 1056 491 1097 rum
530 1043 748 1096 autem
780 1054 888 1096 res
917 1028 1257 1119 quomodo
1284 1031 1352 1094 se
1383 1027 1745 1094 habuerint
1789 1042 1854 1097 et
1883 1031 1967 1095 ab
2010 1031 2200 1098 initio·
2241 1057 2410 1100 con..

322 1135 592 1200 stitutae
651 1132 904 1201 fuerint
929 1182 949 1215 ,
1017 1145 1350 1220 quantum
1402 1132 1807 1198 memoriam
1872 1134 2411 1202 conservavimus

334 1261 569 1304 eorum
603 1257 775 1326 quae
804 1235 1002 1323 pueri
1023 1234 1442 1315 audivimus,
1487 1234 1560 1302 in
1601 1235 1902 1331 medium
1947 1257 2132 1302 nunc
2172 1238 2408 1327 profe-

333 1361 564 1407 remus
604 1338 955 1405 vobiscum
982 1336 1212 1408 amicis
1243 1360 1323 1403 ea
1348 1338 1949 1404 communicantes.
2352 1427 2381 1456 ·

506 1511 656 1577 Hoc
688 1508 914 1574 adhuc
943 1507 1259 1594 exiguum
1294 1521 1448 1574 ante
1477 1511 1939 1577 narrationem
1966 1533 2086 1576 nos
2112 1511 2413 1581 indicare

338 1625 645 1700 oportet,
690 1635 778 1677 ne
806 1615 980 1677 forte
1023 1633 1263 1697 graeca
1300 1613 1747 1679 barbarorum
1781 1611 2091 1679 virorum
2135 1618 2415 1684 nomina

340 1715 681 1801 audientes
726 1714 1109 1795 miremini3
1166 1718 1432 1782 causam
1478 1716 1661 1781 enim
1690 1707 1962 1781 'eorum
2011 1718 2414 1805 percipietis.

339 1819 545 1885 Solon
575 1817 882 1884 videlicet
913 1838 1127 1903 quum
1174 1818 1245 1882 in
1289 1819 1520 1884 animo
1547 1816 1822 1882 haberet
1851 1816 1931 1881 ad
1964 1818 2190 1908 poefin
2228 1819 2416 1888 suam

339 1920 1194 1999 adhiberenarrationem,
1237 1917 1566 1983 sciscitans
1595 1920 1679 1984 de
1721 1919 2078 1984 nominum
2118 1919 2191 1985 vi
2225 1943 2419 1987 com-

337 2026 522 2111 perit
558 2023 915 2110 Aegyptios
957 2020 1388 2110 illos‘primos
1422 2043 1501 2086 ea
1530 2025 1920 2108 consignasse
1953 2024 2019 2086 in
2059 2024 2247 2088 suam
2276 2023 2416 2089 lin-

339 2147 545 2216 guam
592 2126 957 2202 translata,
1028 2125 1167 2215 ipse
1222 2113 1457 2200 rursus
1495 2123 1816 2211 cuiusque
1869 2122 2415 2214 fignificafionern

341 2224 634 2294 nominis
674 2225 932 2315 accepit
969 2237 1036 2290 et
1079 2228 1149 2292 in
1195 2229 1481 2292 nostram
1521 2227 1882 2294 traducens
1913 2228 2210 2314 linguam
2250 2250 2416 2317 per-

342 2330 614 2418 scripsit.
662 2340 730 2395 et
756 2328 1217 2415 haec'quidem
1246 2331 1492 2418 scripta
1519 2330 1698 2418 apud
1727 2346 1930 2396 avum
1957 2352 2184 2396 meum
2222 2342 2419 2396 erant

343 2445 402 2498 et
433 2434 649 2498 adhuc
680 2436 833 2497 sunt
859 2432 1037 2518 apud
1073 2455 1180 2496 me
1210 2455 1394 2498 nunc
1426 2444 1493 2507 et
1524 2453 1694 2520 puer
1719 2453 1926 2517 quum
1954 2435 2171 2496 ‘effem
2206 2454 2318 2496 me
2342 2433 2421 2498 in

341 2534 470 2600 inis
511 2537 813 2608 exercui.
874 2532 1107 2618 quodsi
1143 2534 1347 2619 igitur
1378 2533 1660 2600 audietis
1692 2532 1850 2619 'talia
1890 2532 2166 2598 nomina
2199 2535 2419 2620 qualia

343 2635 454 2701 hic
496 2656 766 2720 quoque
805 2635 1249 2721 usurpantur,
1296 2660 1384 2709 ne
1417 2636 1487 2702 id
1526 2634 1716 2701 vobis
1757 2632 2274 2701 admirationem
2305 2636 2419 2702 in-

343 2734 568 2816 iiciat3
616 2738 881 2802 causam
911 2735 1091 2801 enim
1124 2736 1264 2803 eius
1297 2739 1398 2805 rei
1426 2737 1689 2804 tenetis.
1732 2736 1975 2824 longae
1998 2749 2226 2805 autem
2263 2762 2429 2829 nar-x

343 2837 620 2904 rationis
643 2837 774 2905 hoc
806 2850 957 2905 tum
983 2836 1119 2907 fuit
1145 2840 1526 2933 exordium.

517 3006 1111 3098 Quemadmodum
1133 3015 1334 3100 supra
1350 3013 1787 3099 exposuimus
1806 3013 1889 3077 de
1903 3010 2248 3079 sortitione
2265 3014 2419 3079 deo·

346 3133 536 3190 rum,
582 3124 829 3180 terram
865 3139 977 3180 eos
1012 3117 1394 3180 universam
1426 3114 1823 3191 distribuiffe
1854 3114 1965 3179 hic
2004 3114 2073 3179 in
2105 3115 2425 3196 maiores,-

345 3214 481 3279 illic
514 3216 588 3280 in
619 3206 919 3281 minores
945 3218 1328 3306 portioneS‚
1354 3217 1610 3304 templa
1638 3227 1705 3280 et
1730 3212 2043 3280 sacrificia
2074 3215 2186 3280 fibi
2216 3239 2419 3305 appa..

343 3328 604 3397 rantes,
647 3318 741 3382 ita
767 3316 968 3380 etiam
1000 3316 1281 3380 insulam
1316 3317 1669 3406 Neptunus
1699 3316 2111 3384 Atlantidem-
2147 3317 2423 3384 sortitus

347 3418 594 3484 liberos
640 3421 792 3483 suos
833 3440 1001 3503 quos
1052 3440 1089 3481 e
1137 3418 1407 3482 mortali
1448 3418 1734 3485 muliere
1771 3421 2148 3507 susceperat
2184 3413 2255 3483 in
2286 3419 2421 3503 ¹tali

348 3518 493 3586 fere
532 3520 783 3585 insulae
835 3521 986 3585 loco
1038 3519 1426 3601 collocavit3
1481 3521 1564 3585 ad
1610 3544 1811 3588 mare
1841 3520 2151 3586 videlicet
2197 3520 2421 3586 media

350 3622 423 3688 in
459 3622 670 3687 insula
705 3621 1018 3689 universa
1044 3645 1318 3709 campus
1346 3635 1511 3699 erat,
1546 3625 1659 3709 qui
1687 3624 1995 3689 omnium
2026 3644 2422 3710 camporum

349 3724 854 3815 pulcherrimus
880 3725 1258 3813 eximiaque
1287 3724 1532 3789 dicitur
1554 3722 1748 3791 ‘fuiss‘e
1770 3723 2108 3796 'bonitate3
2136 3722 2218 3788 ad
2246 3745 2423 3790 cam·

349 3851 516 3914 pum
558 3829 792 3893 rursus
837 3826 909 3892 in
949 3819 1168 3894 medio
1198 3826 1414 3894 stadiis
1455 3827 1602 3893 fere
1654 3825 2141 3914 quinquaginta
2185 3826 2425 3894 distans

352 3941 497 3996 erat
526 3953 719 3996 mons
752 3929 971 3995 brevis
1004 3951 1505 4016 usquequaque.
1550 3929 1618 3993 in
1652 3930 1781 3996 hoc
1806 3926 2157 3995 habitabat
2184 3953 2421 3996 eorum

353 4032 591 4120 aliquis
636 4034 752 4120 qui
779 4033 876 4098 ibi
930 4056 967 4098 a
1014 4033 1345 4122 principio
1394 4055 1432 4096 e
1474 4043 1656 4102 terra
1704 4032 1839 4101 orti
1877 4040 2108 4111 erant,
2150 4031 2427 4102 nomine
