2738 4600
1198 209 1665 358 Clu‘r'IAS.
2348 277 2480 349 505

294 539 302 546 ,
391 464 511 538 bes
539 469 959 551 pontemque
1002 470 1223 521 unum
1255 447 1407 516 fere
1443 448 1754 536 iugerum
1790 448 2008 518 latum
2044 448 2483 521 circumcirca

395 568 563 636 hinc
604 563 928 646 illincque
964 552 1230 643 lapideo
1265 551 1640 638 cinxerunt
1662 575 1901 630 muro,
1947 565 2166 623 turres
2201 567 2482 647 portas—

356 737 365 746 ,
392 693 529 760 que
571 661 897 758 pontibus
922 657 997 724 in
1026 654 1230 722 maris
1263 654 1765 723 traiectionibus
1806 659 2308 744 quoquoversus
2336 658 2483 724 int-¹

389 779 749 863 ponentes.
802 747 1096 850 lapidem
1137 780 1306 824 vero
1347 757 1749 834 excidebant
1781 758 1907 825 sub
1926 758 2155 852 insula
2181 761 2481 828 circum-

390 873 578 941 circa
602 870 676 935 in
705 864 930 933 medio
958 863 1075 930 fita
1108 871 1177 927 et
1203 859 1327 926 sub
1368 859 1646 928 orbibus
1692 872 1882 927 extra
1919 874 1988 927 et
2021 863 2225 945 intus,
2253 886 2481 931 unum

392 973 667 1053 album,
710 969 1003 1033 alterum
1042 962 1349 1050 nigrum,
1398 963 1680 1032 tertium
1716 964 2040 1042 rubrmm
2089 966 2478 1034 excidentes

389 1088 625 1147 autem
653 1071 848 1138 fimul
868 1068 1185 1136 fecerunt
1207 1064 1473 1132 navalia
1509 1087 1676 1133 cava
1717 1066 2011 1158 duplicia
2035 1069 2253 1149 intua,
2296 1076 2481 1136 tecta

388 1178 534 1269 ipso
562 1178 749 1243 faxo.
792 1182 997 1257 atque
1022 1166 1328 1235 aedificia
1351 1167 1482 1233 alia
1503 1168 1857 1258 fimplicia,
1899 1172 2031 1239 alia
2056 1170 2312 1261 lapides
2338 1169 2479 1236 mi-

390 1283 651 1347 scentes
684 1279 881 1340 varia
919 1272 1440 1337 construxerunt
1475 1293 1601 1360 per
1635 1272 1880 1339 ludum
1915 1286 1986 1340 et
2022 1273 2250 1340 iocum
2280 1271 2480 1339 oble-

392 1365 751 1449 ctationem
781 1376 877 1441 eis
903 1373 1285 1442 naturalem
1315 1370 1722 1454 tribuente83
1751 1365 1833 1442 ad
1855 1376 2037 1443 muri
2063 1374 2337 1463 quidem
2367 1394 2478 1439 or-

392 1482 555 1549 bem
578 1478 915 1546 extimum
955 1475 1280 1562 cingentis
1306 1497 1467 1541 aere
1502 1477 1845 1565 complexi
1891 1478 2047 1544 sunt
2085 1491 2312 1545 totum
2337 1475 2481 1544 cir-

397 1584 652 1652 cuitum
671 1629 693 1664 ,
736 1582 916 1667 quafi
943 1579 1277 1645 illinentes
1318 1599 1512 1659 eum,
1534 1577 1901 1644 *interioris
1926 1581 2266 1647 ambitum
2297 1581 2479 1645 stan-

393 1710 490 1754 no
534 1686 1005 1763 obduxerunt,
1072 1702 1233 1748 eum
1276 1701 1443 1746 vero
1496 1679 1614 1767 qui
1658 1679 1878 1770 ipsam
1918 1704 2147 1748 arcem
2175 1682 2479 1749 circum-

392 1788 597 1856 dabat
634 1785 1016 1853 aurichalco
1046 1780 1381 1870 fulgorem
1407 1780 1700 1848 habente
1734 1782 2030 1871 igneum.
2099 1783 2311 1872 Regia
2353 1783 2475 1849 in-

400 1903 511 1958 tra
561 1912 786 1957 arcem
832 1890 930 1954 ita
964 1895 1107 1951 erat
1152 1887 1500 1971 exstructa.
1559 1884 1636 1949 in
1674 1884 1902 1951 medio
1944 1888 2279 1977 templum
2326 1896 2479 1954 erat

396 1993 652 2063 Clitoni
685 2004 755 2057 et
781 1990 1100 2080 heptuno
1134 1987 1596 2052 consecratum
1630 1989 2064 2072 inaccess'um,
2106 1985 2306 2077 septis
2347 2008 2479 2053 au·-

389 2097 526 2165 reis
557 2097 895 2177 cinctum,
941 2090 1115 2160 illud
1156 2089 1230 2155 in
1259 2110 1397 2176 quo
1438 2087 1629 2156 initio
1676 2103 1904 2159 ortum
1945 2104 2014 2158 et
2044 2102 2476 2180 procreatum

389 2209 539 2265 erat
571 2197 806 2262 decem
854 2194 1025 2282 regis
1058 2190 1364 2257 filiorum
1403 2212 1651 2278 genus,
1696 2192 1816 2259 ubi
1857 2194 2059 2262 etiam
2110 2191 2473 2283 quotannis

385 2326 478 2369 ex
511 2298 826 2368 omuibus
852 2299 1087 2363 decem
1113 2290 1420 2383 partibus
1450 2292 1870 2363 confluentes
1901 2296 2229 2366 solemnia
2260 2296 2477 2364 facie-

396 2402 565 2470 bant
601 2404 787 2468 sacra
820 2402 1100 2468 illorum
1151 2397 1415 2481 cuique.
1517 2397 1820 2485 Neptuni
1877 2399 2074 2487 ipfius
2137 2399 2477 2488 templum

385 2500 670 2572 stadium
722 2513 867 2569 erat
903 2502 1224 2586 longum,'
1268 2498 1399 2564 tria
1433 2496 1583 2563 fere
1608 2500 1842 2589 iugera
1878 2504 2095 2569 latum
2124 2513 2192 2568 et
2231 2502 2479 2569 altitu-

390 2607 620 2673 dinem
679 2603 975 2671 habebat
1020 2623 1179 2667 cum
1229 2599 1336 2666 his
1385 2616 1868 2689 congruentem
1923 2605 2010 2672 ad
2063 2604 2475 2693 adspectum,

390 2707 687 2800 speciem
740 2718 969 2773 autem
1014 2703 1356 2792 quandam
1416 2699 1842 2772 barbaricam
1901 2708 2039 2798 ipse
2090 2707 2473 2777 exhibebat.

386 2824 608 2880 totum
646 2832 816 2877 vero
858 2808 1195 2899 templum
1242 2804 1652 2871 extrinsecus
1706 2820 1987 2894 argento
2043 2809 2478 2879 obduxerant

386 2926 665 3003 praeter
692 2911 981 3000 fastigia,
1014 2931 1188 2999 quae
1211 2898 1379 2975 auro
1416 2922 1655 2976 ornata
1685 2923 1902 2977 erant.
1945 2923 2011 2977 et
2046 2914 2232 2999 quod
2266 2914 2352 2980 ad
2373 2913 2480 2979 in-

386 3018 668 3084 teriores
697 3016 937 3108 'partes
979 3014 1251 3087 attinet,
1302 3013 1582 3093 lacunar
1620 3012 2000 3082 eburneum
2039 3025 2261 3080 totum
2306 3026 2477 3083 auro

387 3130 457 3184 et
489 3130 767 3207 argento
813 3131 884 3185 et
916 3116 1304 3183 aurichalco
1355 3116 1734 3182 distinctum
1781 3127 1959 3196 erat,
2000 3115 2264 3201 reliqua
2284 3126 2470 3183 ”vero

386 3223 614 3291 omnia
631 3267 652 3299 ,
678 3219 967 3311 parietes
994 3233 1063 3284 et
1089 3219 1434 3285 columnas
1464 3231 1532 3284 et
1555 3219 2058 3308 pavimentum,
2084 3218 2471 3285 aurichalco

396 3320 1011 3392 circumcluserant.
1053 3339 1289 3384 aureas
1318 3340 1588 3408 quoque
1614 3322 1856 3387 statuas
1882 3320 1953 3387 in
1984 3342 2063 3385 co
2086 3320 2477 3386 collocave-

271 3496 276 3503 ι
386 3433 583 3504 rant,
629 3433 696 3485 et
738 3420 945 3487 deum
972 3418 1245 3509 quidem
1291 3419 1365 3486 in
1412 3443 1618 3488 curru
1652 3426 1926 3490 stantem
1968 3424 2088 3488 sex
2130 3423 2473 3491 alatorum

384 3514 720 3609 equorum
757 3535 1128 3604 rectorem,
1170 3520 1388 3611 ipsum
1418 3545 1584 3591 vero
1611 3525 1698 3590 ob
1724 3523 2265 3612 magnitudinem
2306 3546 2483 3593 vet-⁴.

382 3623 516 3689 tice
556 3624 836 3692 lacunar
876 3626 1417 3714 contingentem,
1461 3639 1530 3692 at
1563 3626 1880 3696 Nereides
1923 3626 2261 3716 delphinis
2303 3627 2471 3702 infi-

382 3727 615 3795 dentes
646 3739 914 3795 centum
944 3729 1380 3796 circumcirca
1396 3755 1420 3813 3
1464 3740 1572 3796 tot
1600 3730 1784 3797 euim
1815 3731 2147 3819 putabant
2176 3751 2285 3794 eas
2312 3751 2482 3805 me-⁸

273 3845 278 3851 ·
379 3829 636 3901 moriae
669 3830 852 3899 illius
904 3814 1212 3912 homiues
1254 3831 1405 3900 effe.
1462 3833 1680 3900 multa
1718 3830 1901 3925 intus
1943 3833 2082 3899 alia
2117 3832 2464 3912 simulacra

311 4028 334 4063 Χ

471 4139 642 4203 Tcm.
697 4140 775 4207 V.
1734 4142 1739 4147 ’
1981 4139 2046 4210 'U
