2738 4600
975 343 1441 429 ΡΡΟῙᾸΤΙΑ
1510 341 1592 414 Χ.
2246 372 2324 436 ⁶7

2247 408 2268 439 l

247 532 474 590 centes
516 516 860 585 Graeciam
909 516 1251 585 instituisse
1298 517 1481 582 hunc
1521 517 1793 606 poetam
1842 533 1906 586 et
1949 522 2033 587 ad
2088 545 2324 591 rerum

242 612 700 693 humanarum
750 619 1395 691 administrationem
1442 636 1645 706 atque
1697 623 2170 694 institutionem
2218 629 2324 699 di-

186 720 195 767 .'
243 750 453 817 gnum
483 730 608 791 effe
633 747 832 810 quem
863 714 1147 817 repetita
1160 724 1445 790 lectione
1463 726 1833 791 ediscamus
1854 740 1918 793 et
1936 752 2130 816 quem
2153 731 2326 819 poe?—

241 845 373 897 tam
418 831 768 915 sequentes
818 825 1197 892 universam
1242 828 1452 892 vitam
1500 829 2008 908 constituamus,
2054 837 2325 921 diligere

243 935 515 1022 quidem
561 954 674 993 eos
720 939 787 992 te
816 942 1084 1016 oportet
1132 942 1201 993 et
1252 952 1482 1021 amore
1518 933 1865 1020 amplecti,
1909 938 2159 1023 quippe
2207 945 2323 1024 qui

241 1058 447 1123 quam
475 1035 712 1123 possint
738 1032 979 1118 optimi
1007 1036 1163 1105 fiat,
1210 1044 1277 1097 et
1307 1036 1677 1099 concedere
1712 1039 2080 1104 Homerum
2111 1044 2323 1108 maxi·

239 1162 356 1207 me
381 1137 719 1228 poeticum
755 1140 882 1201 effe
904 1148 970 1200 et
1001 1137 1301 1223 primum
1329 1136 1771 1222 tragicorum,
1817 1141 2162 1208 sciendum
2195 1166 2326 1209 au-

240 1256 376 1322 tem
414 1247 542 1307 esse
577 1240 880 1303 carmina
915 1251 1179 1304 tantum
1216 1239 1286 1302 in
1324 1243 1594 1304 laudem
1635 1243 1910 1309 deorum
1965 1249 2328 1335 composita

239 1347 718 1427 bonorumque
757 1341 1289 1428 praedicationes
1331 1342 1417 1405 de
1457 1344 1633 1432 poesi
1686 1345 2060 1433 recipienda
2099 1356 2224 1416 effe
2252 1348 2328 1413 in

242 1451 619 1526 civitatem,
674 1445 769 1508 fin
820 1454 1046 1507 autem
1098 1447 1436 1511 conditam
1503 1450 1759 1513 musam
1818 1452 2153 1538 receperis
2210 1452 2326 1539 ly-

239 1553 453 1620 ricam
484 1550 595 1612 vel
627 1547 925 1634 epicam,
974 1546 1392 1634 voluptatem
1440 1560 1506 1611 et
1539 1550 1834 1614 dolorem
1888 1550 1952 1616 in
1991 1554 2160 1617 urbe
2211 1577 2326 1619 re-

237 1667 527 1741 gnatura
546 1655 666 1715 effe
689 1673 807 1735 pro
836 1641 975 1735 lege
994 1673 1208 1736 eoque
1241 1652 1422 1738 quod
1456 1654 1834 1715 communis
1859 1655 2182 1719 sententia
2210 1677 2326 1741 op·

241 1756 492 1822 timum
532 1753 823 1840 quidque
868 1758 995 1817 effe
1026 1753 1494 1818 declaraverit.
1551 1755 1936 1834 Veriffime,
1980 1756 2217 1841 inquit.

361 1950 367 1957 .
410 1961 595 2026 Haec
620 1959 866 2043 igitur.
913 1944 1190 2036 induam
1215 2001 1233 2029 ‚
1274 1950 1668 2020 defensionis
1700 1959 1890 2020 causa
1924 1979 1959 2020 a
1991 1956 2183 2022 nobis
2214 1981 2331 2022 re...

190 2096 195 2105 ·
238 2061 681 2130 cordantibus
720 2050 1017 2142 ex'pofita
1064 2056 1253 2123 sunto
1283 2059 1366 2123 de
1402 2060 1603 2145 poesi,
1651 2062 1801 2124 iure
1856 2060 2158 2124 videlicet
2205 2085 2327 2124 nos

240 2151 396 2229 eam
435 2175 579 2225 tum
613 2184 651 2225 a
679 2160 947 2225 civitate
973 2161 1382 2237 amandaffe‚
1413 2163 1566 2248 quia
1604 2162 1747 2225 talis
1785 2164 1892 2239 fit3
1939 2164 2112 2226 ratio
2140 2165 2323 2228 enim

237 2291 364 2335 nos
400 2264 689 2330 edocuit.
734 2263 1173 2343 alloquamur·
1196 2274 1419 2328 autem
1464 2285 1652 2344 eam,
1702 2277 1780 2329 ut
1810 2287 1896 2330 ne
1933 2267 2021 2329 de
2063 2267 2323 2352 asperi—-

241 2364 379 2435 tate
423 2368 714 2454 quadam
754 2379 822 2431 et
853 2365 1215 2432 rusticitate
1254 2391 1371 2431 nos
1405 2368 1685 2436 accuset,
1732 2369 1889 2449 quia
1933 2381 2133 2430 vetus
2166 2368 2325 2452 phi-

238 2471 589 2559 Iosophiae?
608 2468 954 2534 inimicitia
996 2466 1431 2531 intercefferit
1455 2490 1610 2533 cum
1657 2469 1867 2551 poefi3
1913 2468 2162 2532 etenim
2209 2469 2326 2532 al-

239 2576 505 2641 latrans
545 2575 894 2640 dominam
939 2572 1130 2637 canis
1160 2571 1273 2633 ille
1309 2569 1643 2658 clamosits
1664 2582 1728 2632 et
1759 2594 2054 2658 magnus
2098 2571 2168 2634 in
2200 2569 2323 2635 de-

240 2680 573 2745 mentium
602 2674 1126 2763 vaniloqnentiis
1157 2685 1225 2735 et
1244 2670 1677 2758 sapientium
1719 2673 1918 2738 turba
1963 2674 2325 2739 dominans

242 2795 305 2847 et
310 2779 672 2870 subttlzter
697 2777 1104 2844 meditante-s·
1137 2775 1341 2857 [quod
1381 2797 1636 2861 paupe1
1641 2800 1707 2838 es
1736 2777 1924 2858 sunt]
1952 2790 2017 2882 et
2052 2777 2181 2842 alia
2221 2778 2323 2841 in.

200 2882 685 2951 *numerabilia
728 2883 900 2966 figna
960 2876 1207 2942 veteris
1256 2867 1534 2941 horum
1551 2873 1968 2944 inimicitiae.
2021 2894 2324 2945 attamen
2399 2896 2403 2899 ⁴

243 2986 498 3053 dictum
529 2987 658 3048 esto
690 3005 809 3046 nos
846 2979 1153 3062 quidem,
1200 2981 1240 3043 fi
1267 2980 1593 3043 rationem
1629 2985 1833 3065 poffet
1877 2980 2121 3046 afferre
2154 2984 2324 3069 poe-
2349 3037 2364 3044 -

244 3092 315 3154 fis
357 3090 440 3153 ad
475 3089 887 3173 voluptatem
930 3083 1228 3171 spectans
1277 3096 1343 3146 et
1371 3078 1654 3147 imitatio
1706 3105 1829 3147 cur
1878 3090 2003 3151 effe
2046 3085 2325 3149 deberet

242 3192 311 3256 in
345 3189 616 3256 civita'te
650 3189 818 3251 bene
855 3183 1188 3267 instituta,
1233 3186 1523 3250 libenter
1566 3204 1713 3248 eam
1756 3198 2140 3273 receptunos
2174 3190 2324 3263 (ise,

244 3315 451 3386 quum
491 3275 681 3355 nobis
710 3289 946 3352 conscii
974 3290 1170 3353 fimus
1202 3301 1453 3375 quanto
1485 3310 1602 3351 nos
1632 3309 1832 3373 opere
1865 3287 2321 3353 delectaverit.

243 3407 312 3460 at
342 3395 522 3458 eui-m
554 3392 729 3479 quod
768 3391 1313 3457 videtur‘verum
1366 3396 1492 3457 effe
1517 3389 1701 3454 nefas
1737 3392 2044 3477 prode-re.
2096 3404 2327 3447 nonne

239 3511 308 3565 te
353 3518 651 3583 quoque,
711 3496 951 3574 amice,
997 3496 1340 3580 voluptate
1389 3494 1736 3579 perfundit
1778 3495 1979 3576 idque
2021 3486 2326 3549 maxime

207 3587 457 3685 'quum
494 3620 612 3684 per
629 3595 995 3662 Homerum
1029 3619 1173 3661 eam
1206 3599 1506 3685 spectas?
1533 3585 1709 3661 Sane
1743 3591 2054 3675 quidem.v
2084 3588 2325 3651 Nonne

241 3724 362 3789 par
400 3702 491 3764 est
526 3722 672 3766 eam
709 3700 1111 3764 descendere
1145 3701 1407 3763 causam
1430 3699 1763 3762 dicturam
1789 3691 1893 3754 vel
1924 3685 1993 3751 in
2028 3690 2326 3756 carmine

240 3806 347 3868 vel
373 3804 506 3868 alio
539 3802 849 3890 quopiam
902 3805 1157 3867 metio?
1202 3802 1448 3864 Etiam.
1539 3796 1928 3863 Potestatem
1959 3801 2179 3855 autem
2221 3792 2325 3858 fa-

243 3906 493 3971 ciemus
540 3908 738 4000 etiam
781 3904 1132 3990 praefectis
1179 3904 1351 3980 eius,
1417 3903 1824 3986 quicumque
1870 3916 2007 3958 non
2059 3898 2324 3982 poetici,

241 4020 307 4072 at
332 4010 679 4096 po'e'tarum
710 4007 912 4073 amici
944 4009 1131 4087 sunt,
1177 4005 1495 4069 0131101113
1529 4001 1722 4064 metii
1755 3995 2013 4083 legibus
2042 4011 2178 4064 non
2212 4000 2328 4066 ad-

240 4113 494 4178 strictae
522 4133 648 4198 pio
681 4132 759 4175 ea
795 4110 1138 4173 habendae
1184 4118 1264 4170 ut
1291 4104 1586 4192 piobent
1631 4126 1774 4169 non
1820 4104 2037 4178 solum
2075 4104 2326 4168 iucun-
