2738 4600
1263 233 1340 288 s

827 261 856 322 ι
1119 357 1624 429 TIMAEUS.
2289 357 2415 426 265

335 535 568 604 dolore
608 530 823 601 nimio
862 530 1141 597 aflectus
1163 582 1183 614 ,
1256 531 1424 597 dum
1470 531 1601 597 hoc
1657 530 1929 617 quidem
1974 532 2417 598 immoderate

332 640 550 705 studet
572 635 864 723 assequi,
921 633 1087 701 illud
1128 657 1298 701 vero
1336 633 1610 722 fugere,
1654 655 1878 722 neque
1924 636 2154 701 videre
2197 658 2418 723 neque

199 821 220 831 h
335 729 573 807 audire
599 739 965 827 quiequam
992 750 1172 805 recte
1208 739 1457 826 potest,
1503 738 1613 802 sed
1645 736 1816 803 furit
1844 749 1913 803 et
1940 739 2210 806 rationis
2237 763 2419 807 com·

333 867 459 933 pos
481 842 773 909 minime
799 846 923 909 effe
955 852 1102 908 tum
1140 844 1368 931 potest.
1441 843 1671 906 semen
1713 843 1944 907 autem
1989 843 2094 908 cui
2124 844 2418 909 multum

330 948 659 1034 largeque
682 944 903 1011 fluens
932 945 1107 1042 circa
1151 940 1519 1011 medullam
1565 943 1852 1031 obtingit
1897 954 1963 1008 et
2005 944 2093 1007 fic
2135 960 2422 1033 compa-

336 1060 570 1144 ratum
600 1057 682 1113 ut'
713 1049 916 1114 arbor
944 1046 1146 1114 nimis
1175 1046 1502 1131 fecunda,
1546 1047 1600 1112 is
1628 1047 1879 1112 multos
1923 1046 2194 1113 dolores
2235 1049 2422 1113 mul-

339 1162 571 1236 tasque
591 1150 1058 1241 voluptatesin
1078 1150 1556 1239 cupiditatibus
1585 1171 1958 1236 earumque
1975 1148 2227 1217 fetibus
2258 1157 2423 1238 pe‘r-

339 1254 539 1343 cipit,
582 1254 875 1321 furiosus
913 1276 1041 1339 per
1068 1252 1432 1317 maximam
1475 1251 1651 1318 vitae
1691 1265 1956 1341 partem
1985 1252 2222 1319 exfistit
2251 1276 2423 1342 pro-

335 1370 490 1446 pter
516 1357 857 1439 maximas
888 1356 1272 1440 voluptates
1308 1366 1378 1418 et
1403 1353 1670 1420 dolores
1691 1403 1710 1435 ,
1737 1367 1841 1435 et,
1865 1356 2172 1422 animum
2209 1359 2425 1443 quum

333 1459 578 1525 habeat
606 1468 1072 1544 aegrotantem
1107 1478 1184 1519 ac
1222 1457 1608 1522 dementem
1642 1479 1767 1546 per
1812 1480 2089 1547 corpus,
2132 1482 2270 1523 non
2300 1480 2424 1523 ae-

335 1575 569 1647 grotus
587 1611 606 1643 ‚
632 1560 746 1625 ‚sed
776 1562 955 1625 ultro
984 1559 1202 1624 malus
1230 1560 1408 1633 male
1435 1558 1864 1626 existimatur.
1913 1563 2160 1628 veritas
2189 1571 2431 1627 autem

333 1667 420 1728 fic
447 1666 511 1727 se
532 1662 764 1728 habet:
795 1684 1029 1727 rerum
1044 1662 1512 1731 venerearum
1529 1662 2048 1752 intemperantia
2079 1684 2320 1749 magna
2337 1686 2424 1731 ex

210 1772 222 1776 ’
336 1765 547 1855 parte'
559 1789 683 1853 per
708 1766 910 1831 unius
952 1763 1216 1850 generis
1223 1763 1562 1846 [habitum
1592 1765 1879 1853 pr'opter
1907 1768 2142 1830 Osslum
2172 1757 2426 1833 rarita-

338 1879 474 1933 tem
504 1867 574 1932 in
599 1890 886 1954 corpore
915 1868 1304 1934 affluentem
1345 1878 1414 1932 et
1456 1865 1824 1932 humidum
1875 1870 2179 1934 exsistens
2216 1868 2429 1934 animi

337 1972 620 2037 morbus
647 1971 891 2036 evadit.
939 1982 1008 2034 et
1033 1970 1251 2036 omnis
1277 1968 1423 2034 fere
1447 1970 1877 2055 voluptatum
1908 1970 2426 2061 intemperantia

339 2094 511 2161 quae
549 2073 804 2162 probro
844 2065 1176 2153 habetur,
1238 2076 1417 2160 quafi
1455 2072 1767 2138 homines
1829 2075 1947 2140 sua
2005 2076 2240 2163 sponte
2303 2078 2427 2140 fint
2521 2073 2528 2080 ’

338 2177 543 2261 mali,
600 2200 741 2242 non
797 2187 979 2241 recte
1018 2176 1515 2264 exprobratur}
1568 2175 1784 2241 malus
1836 2177 2016 2241 enim
2076 2199 2282 2242 nemo
2330 2167 2427 2264 *est

335 2283 455 2347 sua
485 2282 759 2370 sponte,
792 2280 903 2346 sed
936 2302 1062 2368 per
1088 2300 1380 2369 pravum
1411 2278 1751 2365 quendam
1785 2280 2087 2368 corporis
2114 2279 2424 2346 habitum

337 2396 407 2450 'et
431 2384 759 2450 incultam
797 2371 1269 2449 educationem
1310 2383 1531 2448 malus
1561 2383 1802 2448 exfistit
1835 2385 2245 2470 quicumque
2273 2405 2423 2447 ma-

339 2489 440 2552 lus
472 2486 735 2562 evadit,
777 2496 845 2550 et
875 2485 1118 2569 cuique
1144 2485 1271 2548 hoc
1298 2483 1661 2569 adversum
1695 2486 1785 2565 est
1819 2497 1887 2548 et
1918 2484 2137 2549 invito
2169 2484 2424 2551 accidit.

342 2602 409 2656 et
453 2591 679 2657 rursus
726 2587 903 2672 quod
946 2586 1031 2652 ad
1081 2585 1348 2651 dolores
1400 2587 1636 2651 attinet
1671 2576 1940 2651 animus
1976 2585 2278 2651 similiter
2303 2608 2428 2674 per

343 2714 593 2782 corpus
631 2691 918 2756 multam
951 2687 1200 2775 accipit
1239 2687 1673 2775 pravitatem.
1731 2689 2002 2773 quando
2032 2688 2215 2755 enim
2259 2689 2427 2754 acris

344 2809 409 2866 et
435 2795 635 2862 salsae
668 2791 953 2882 pituitae
979 2789 1307 2855 humores
1342 2799 1408 2853 et
1435 2789 1848 2876 quicumque
1873 2792 2086 2857 amari
2117 2803 2184 2856 et
2213 2791 2427 2859 biliofi

340 2922 465 2989 per
504 2916 752 2985 corpus
791 2905 1111 2981 vagantes
1136 2892 1320 2958 foras
1352 2891 1866 2991 respirationem
1894 2917 2034 2960 non
2068 2894 2426 2984 accipiunt,
2533 2908 2536 2919 ’

342 3002 453 3069 sed
482 3001 660 3080 intus
690 2997 1025 3064 constricti
1055 2995 1342 3063 halitum
1367 2997 1562 3060 suum
1595 3019 1749 3062 cum
1782 2997 1990 3063 animi
2020 2988 2215 3061 cursu
2247 3017 2426 3060 com·

304 3181 308 3185 ‚
341 3105 619 3172 miscent
659 3112 725 3166 et
764 3109 1185 3216 temperant,
1242 3099 1467 3164 varios
1506 3098 1720 3164 animi
1772 3099 2046 3163 morbos
2089 3095 2424 3172 inferunt,

342 3206 551 3294 magis
595 3216 671 3270 et
722 3202 989 3282 minus,
1038 3202 1390 3288 pauciores
1431 3214 1499 3265 et
1542 3201 1804 3289 plures;
1868 3212 1933 3265 et
1981 3199 2060 3265 ad
2102 3209 2236 3262 ties
2274 3196 2426 3260 illos

344 3306 558 3373 animi
582 3307 765 3372 locos
802 3304 1038 3379 delati,
1082 3304 1157 3369 in
1188 3326 1691 3390 quemcumque
1731 3305 2015 3391 quisquc
2051 3321 2284 3363 eorum
2315 3295 2427 3360 in·-

340 3410 589 3493 currit,
634 3408 856 3474 variae
899 3404 1236 3494 distinguit
1283 3406 1677 3472 morositatis
1711 3395 1778 3474 et
1821 3402 2121 3472 tristitiae
2151 3395 2421 3486 species,

343 3510 564 3577 varias
593 3504 924 3597 distinguit
954 3508 1271 3576 audaciae
1300 3519 1367 3574 et
1393 3508 1805 3591 timiditatis,
1843 3517 2190 3595 praeterea
2221 3498 2425 3564 etiam

344 3611 715 3699 oblivionis
749 3611 1109 3696 tardique
1089 3611 1328 3696 ingeni.
1375 3611 1463 3676 ad
1498 3611 1662 3677 haec
1693 3634 1858 3677 vero
1887 3627 2088 3694 quum
2123 3602 2216 3668 ita
2249 3599 2428 3665 male

346 3715 674 3791 concretis
722 3712 959 3780 civitat
1073 3714 1408 3780 accedunt
1450 3737 1702 3802 pravae
1733 3725 1798 3777 et
1824 3713 2166 3775 sermones
2196 3703 2424 3769 huius

346 3817 532 3884 modi
574 3816 647 3884 in
698 3736 1077 3882 civitattffis
1132 3816 1456 3905 privatim
1509 3828 1572 3882 et
1627 3814 1897 3904 publice
1957 3806 2422 3879 conferuntur,

345 3931 689 4008 praeterea
727 3919 1113 4009 disciplinae
1164 3919 1555 4006 neutiquam
1603 3917 1700 3981 his
1745 3913 2082 3980 medentes
2127 3935 2167 3978 a
2196 3910 2427 4002 pue1is

261 4006 831 4119 pe'cipiuntur,
850 4032 997 4091 tum
1026 4022 1217 4114 piavi
1245 4043 1478 4092 omnes
1507 4016 1624 4108 qui
1653 4014 1849 4105 pxavi
1872 4012 2221 4082 evadimus
2253 4013 2428 4078 dua-
