2738 4600
1000 349 1454 433 PoLITIA
1509 350 1594 418 x,
1971 303 1977 309 ’
2272 358 2352 424 65

273 541 500 597 autem
529 549 603 592 ea
632 527 818 590 sutor
849 536 917 588 et
945 518 1138 587 faber
1162 521 1539 589 ferrarius?
1584 521 1759 589 Sane
1797 525 2087 612 quidem.
2173 527 2352 594 Num

269 635 477 722 igitur
522 631 639 695 scit
673 628 899 714 quales
946 636 1255 714 oporteat
1307 624 1601 690 habenas
1649 633 1774 692 effe
1816 641 1883 693 et
1921 629 2192 697 frenum
2241 635 2351 719 pi·

270 735 459 802 ctor?
515 757 605 799 an
639 754 768 797 nec
811 729 1176 794 fabricator
1214 727 1410 791 faber
1462 730 1756 795 aerarius
1794 742 1858 795 et
1893 735 2107 815 sutor,
2153 737 2265 799 sed
2300 737 2354 801 is

264 839 378 925 qui
404 838 541 907 illis
577 835 786 924 potest
821 833 940 911 uti,
970 831 1141 895 solus
1167 831 1265 894 rei
1295 833 1603 915 equestris
1632 832 1943 919 peritus?
1986 838 2349 903 ven-imme.

260 943 508 1008 Nonne
551 940 755 1023 igitur
792 935 866 1000 in
914 935 1226 999 omnibus
1271 933 1361 997 ita
1408 934 1706 1025 dicemus
1746 938 1815 998 se
1858 916 2008 1001 rem
2053 937 2352 1004 habere?

260 1039 687 1132 Quomodo?
732 1039 817 1105 In'
839 1059 1248 1123 unaquaque
1275 1059 1351 1101 re
1379 1038 1497 1100 has
1525 1050 1659 1102 tres
1692 1050 1867 1103 artes
1896 1046 2041 1121 effe,
2061 1043 2349 1120 usuram,

263 1146 769 1220 confecturam‚
815 1141 1280 1207 imitaturam?
1337 1141 1581 1206 Etiam.
1669 1143 1912 1217 Nonne
1951 1144 2160 1229 igitur
2205 1144 2353 1208 vir-

261 1259 374 1312 tus
421 1258 487 1309 et
532 1245 969 1334 pulchritudo
1018 1256 1084 1307 et
1128 1257 1313 1309 recta
1358 1245 1531 1309 ratio
1567 1243 1888 1329 cuiusque
1921 1247 2352 1335 supellectilis

263 1364 330 1415 et
355 1348 664 1415 animalis
695 1359 761 1411 et
792 1347 1073 1412 actionis
1115 1348 1285 1412 nibil
1315 1347 1496 1411 aliud
1543 1349 1793 1433 spectat
1835 1348 1952 1413 nifi
1987 1352 2220 1431 usum,
2266 1352 2348 1415 ad

260 1474 465 1539 quem
497 1452 820 1538 quodque
852 1450 1101 1513 factum
1135 1451 1222 1514 est
1251 1450 1357 1513 vel
1377 1451 1665 1514 natum?
1711 1457 1828 1515 Ita.
1878 1453 2153 1516 Prorsus
2188 1474 2348 1539 ergo

259 1561 523 1621 necesse
565 1555 653 1616 est
683 1574 835 1615 eum
867 1552 983 1636 qui
1022 1574 1289 1638 quoque
1322 1553 1564 1627 usurus
1607 1554 1680 1617 fit
1725 1554 2183 1640 peritissimum
2225 1561 2348 1620 esse

259 1671 337 1722 et
380 1656 706 1721 nunciare
745 1660 922 1742 poss'e
960 1653 1350 1720 fabricatori
1400 1677 1571 1736 quae
1618 1654 1796 1718 bona
1835 1669 1905 1721 et
1930 1659 2109 1720 mala
2149 1657 2353 1721 faciat

261 1761 352 1826 ad
385 1761 578 1824 usum
620 1758 763 1822 eius
811 1781 948 1842 quo
990 1769 1255 1835 utatur3
1324 1758 1519 1821 velut
1563 1755 1850 1835 tibicen,
1898 1759 1968 1819 ni
2006 1757 2244 1828 fallor,
2291 1758 2354 1820 ei

260 1861 383 1950 qui
422 1860 617 1925 tibias
656 1859 814 1925 facit
846 1846 1540 1944 indicabit'quaenam
1567 1859 1766 1939 tibiae
1811 1861 2110 1921 serviant
2156 1859 2354 1922 tibia-

260 1987 423 2031 rum
459 1964 710 2039 oantui,
743 1973 812 2025 et
841 1960 1188 2024 mandabit
1212 1962 1442 2047 quales
1471 1984 1627 2023 eum
1655 1972 1960 2048 oporteat
1986 1961 2218 2041 facere,
2247 1961 2354 2026 hic

263 2090 434 2131 vero
468 2066 785 2131 mandata
828 2065 1288 2147 persequetur.
1380 2061 1683 2150 Quidni?
1772 2063 2011 2128 Nonne
2041 2065 2156 2127 ille
2196 2063 2352 2149 qui-

265 2171 429 2235 dem
478 2167 693 2230 sciens
735 2162 1053 2227 indicabit
1095 2162 1264 2247 quae
1311 2163 1525 2228 bonae
1567 2177 1632 2229 et
1679 2168 1898 2230 malae
1939 2166 2174 2241 tibiae,
2238 2167 2350 2231 hic

263 2294 437 2337 vero
494 2268 696 2334 fidem
758 2266 1013 2331 habens
1063 2265 1315 2332 faciet?
1387 2268 1643 2334 Etiam.
1747 2269 2070 2335 Eiusdem
2139 2268 2350 2353 igitur

264 2372 695 2460 supellectilis
723 2370 1090 2434 fabricator
1121 2368 1321 2434 fidem
1347 2393 1607 2435 rectam
1635 2373 1910 2436 habebit
1939 2373 2021 2435 de
2051 2371 2351 2458 pulchri-

265 2476 505 2541 tudine
551 2485 619 2538 et
664 2472 1026 2561 pravitate,
1073 2484 1265 2539 utens
1308 2476 1555 2539 sciente
1603 2488 1669 2538 et
1716 2485 1985 2538 coactus
2033 2473 2269 2536 audire
2315 2495 2353 2535 e

266 2578 546 2656 sciente,
591 2578 650 2640 is
682 2573 859 2644 vero*
884 2571 1001 2658 qui
1035 2596 1180 2638 eam
1213 2576 1486 2640 adhibet
1525 2577 1889 2642 scientiam.
1981 2567 2164 2640 Sane
2197 2574 2353 2657 qui-

270 2683 444 2747 dem.
547 2679 859 2745 Imitator
917 2698 1081 2739 vero
1131 2689 1358 2741 utrum
1401 2701 1488 2741 ex
1531 2681 1652 2742 usu
1696 2677 2040 2743 scientiam
2085 2675 2353 2740 habebit

268 2803 507 2847 eorum
552 2801 722 2865 quae
755 2777 1020 2865 pinget,
1067 2780 1348 2865 pulchra
1394 2792 1458 2844 et
1498 2794 1682 2845 recta
1725 2805 1809 2845 an
1843 2784 2027 2844 secus
2060 2782 2220 2858 fint,
2265 2800 2352 2841 an

271 2884 667 2974 opinionem
712 2894 1011 2957 rectam,
1060 2894 1417 2971 propterea
1454 2884 1627 2969 quod
1664 2894 1927 2947 coactus
1975 2883 2061 2945 est
2100 2881 2194 2943 uti
2227 2879 2353 2943 sci-

273 3001 425 3061 ente
457 2999 525 3051 et
558 2987 920 3050 mandatur
946 2983 1004 3046 ei
1041 2984 1261 3066 qualia
1287 3009 1442 3051 eum
1475 2998 1778 3072 oporteat
1811 2985 2135 3070 pingere?
2179 2983 2351 3047 Neu-

270 3104 479 3155 trum.
554 3091 789 3174 Neque
819 3087 1024 3173 igitur
1053 3085 1214 3149 sciet
1245 3111 1460 3173 neque
1493 3102 1673 3152 recte
1704 3086 2093 3175 opinabitur
2121 3083 2354 3147 imita-

275 3207 380 3259 tor
411 3194 495 3257 de
538 3192 618 3258 iis
650 3214 823 3277 quae
871 3188 1248 3254 imitabitur
1293 3190 1469 3272 quod
1514 3191 1594 3256 ad
1644 3187 2217 3276 pulchritudinem
2248 3184 2353 3248 vel

271 3295 681 3382 pravitatem
718 3294 982 3358 attinet.
1071 3290 1218 3356 Non
1250 3292 1536 3358 videtur.
1628 3293 1847 3359 Scitus
1879 3293 2008 3354 erit
2048 3289 2161 3374 qui
2207 3304 2355 3349 rem

271 3395 585 3460 effectam
629 3397 934 3462 imitatur
964 3394 1144 3477 quod
1181 3394 1258 3457 ad
1296 3393 1686 3481 sapientiam
1719 3416 1950 3459 earum
1984 3409 2214 3453 rerum
2251 3394 2353 3448 at·

272 3499 450 3562 tinet
485 3520 647 3581 quas
682 3498 893 3584 fingit.
963 3497 1158 3562 Haud
1208 3499 1377 3564 sane.
1436 3497 1926 3564 Verumtamen
1959 3483 2357 3561 imitabitur,

271 3599 573 3665 nesciens
606 3612 930 3686 quatenus
968 3593 1266 3683 quidque
1311 3621 1608 3685 pravum
1641 3601 1752 3661 vel
1784 3597 2034 3657 bonum
2072 3588 2179 3663 fit,
2223 3585 2359 3665 sed,

272 3713 350 3765 ut
381 3713 601 3788 patet,
647 3702 821 3786 quod
857 3705 1071 3766 visum
1103 3700 1313 3766 fuerit
1351 3702 1718 3787 pulchrum
1754 3689 2168 3759 multitudini
2197 3690 2359 3756 nul-

272 3802 544 3889 lamque
583 3798 682 3868 rei
714 3805 1053 3867 scientiam
1098 3803 1536 3882 habentibus,
1582 3802 1646 3864 id
1681 3793 2074 3863 imitabitur.
2167 3793 2359 3883 Quid

276 3904 454 3969 enim
493 3904 725 3969 aliud?
770 3907 914 3970 Hoc
946 3906 1175 3991 igitur,
1218 3918 1289 3968 ut
1322 3907 1609 3974 videtur,
1643 3899 1793 3963 satis
1833 3897 2014 3958 inter
2045 3918 2163 3962 nos
2194 3919 2362 3962 con·-

273 4005 498 4086 venit,
544 4019 611 4070 et
640 4006 1024 4073 imitantem
1057 4007 1232 4071 nihil
1273 3997 1444 4070 scire
1472 4003 1650 4090 quod
1689 4021 1936 4087 operae
1964 3996 2258 4086 pre-tium
2292 3998 2359 4058 fit

275 4108 358 4173 de
390 4109 485 4171 eis
519 4132 689 4196 quae
720 4111 1046 4191 imitetur,
1086 4108 1199 4206 sed
1237 4108 1476 4174 ludum
1522 4105 1855 4194 quendam
1890 4106 2039 4182 effe,
2086 4122 2225 4176 non
2260 4098 2363 4158 se'-

360 4214 536 4276 Tom.
591 4214 672 4278 V.
1888 4204 1946 4267 Ε

2407 3079 2417 3124 t
