2738 4600
1119 298 1631 369 TIMAEUS.
2292 301 2415 370 261

325 491 454 555 per
496 492 704 535 venas
749 481 976 537 autem
1021 470 1332 537 traiectus
1386 462 1652 556 unaque
1691 494 1799 539 eas
1842 471 2302 560 circumagens
2348 486 2418 540 et

321 573 762 658 liquefaciens
806 596 1047 662 corpus
1085 574 1156 639 in
1202 573 1421 651 medio
1481 574 1612 640 hoc
1660 585 1724 639 et
1766 575 1947 660 septo
1992 574 2371 640 includitur
2386 599 2415 656 3

323 688 389 740 et
416 675 948 743 innumerabiles
976 699 1058 742 ex
1076 677 1181 742 his
1214 673 1438 740 morbi
1467 676 1692 741 acerbi
1722 679 1945 760 ‚multo
1978 701 2131 743 curn
2165 680 2409 745 sudore

322 781 653 845 exfistunt.
705 780 909 866 saepe
946 800 1103 844 vero
1146 778 1216 843 in
1276 797 1560 865 corpore
1602 781 1854 845 secreta
1895 803 2096 846 carne
2140 781 2408 867 spiritus

320 883 636 948 exoriens
667 882 785 966 qui
812 876 1042 968 egredi
1084 880 1318 968 nequit
1366 880 1633 948 eosdem
1664 902 1831 967 quos
1871 880 1983 969 qui
2031 872 2409 969 ingreditur

319 985 587 1049 dolores
628 997 839 1066 creat,
902 983 1233 1051 maximos
1275 1006 1471 1060 vero,
1518 986 1786 1072 quando
1829 984 2063 1051 nervis
2101 997 2170 1050 et
2216 985 2405 1053 venis

319 1088 449 1153 hac
491 1089 564 1151 in
598 1099 789 1173 parte
818 1086 1222 1153 exstantibus
1265 1085 1709 1152 circumfusus
1743 1099 1813 1152 et
1832 1088 2278 1161 intumescens
2312 1090 2405 1153 li-

315 1189 583 1275 gamina
626 1211 999 1277 nervosque
1026 1189 1379 1254 continuos
1426 1189 1522 1253 ita
1561 1189 1635 1253 in
1661 1183 1925 1275 partem
1965 1192 2402 1278 posteriorem

314 1293 665 1372 distendi13
728 1293 844 1379 qui
893 1290 1168 1377 quidem
1222 1292 1443 1356 morbi
1486 1290 1569 1355 ab
1615 1291 1757 1377 ipsa
1799 1292 2189 1360 intentionis
2230 1294 2399 1359 affe·

315 1398 541 1463 ctione
585 1397 907 1460 tensiones
951 1397 1232 1475 (τετανοί
1273 1405 1341 1459 et
1379 1391 1816 1479 ὀπισθότονοι)
1863 1398 2194 1463 nomi-nati
2222 1400 2398 1463 sunt.

212 1555 221 1563 .
311 1522 607 1588 quorum
641 1497 848 1562 etiam
876 1496 1254 1561 remedium
1288 1495 1590 1571 difficile3
1625 1493 1846 1574 febres
1875 1498 2054 1564 enim
2090 1502 2457 1564 exfisten--·

311 1616 409 1669 tes
449 1603 615 1666 tales
648 1599 947 1664 maxime
969 1598 1261 1663 solvunt.
1308 1599 1460 1663 alba
1490 1621 1655 1662 vero
1680 1598 1918 1686 pituita
1948 1593 2231 1691 pro'pter
2251 1601 2396 1667 bul·
2516 1605 2517 1608 ’
2561 1590 2573 1603 ’

310 1708 535 1770 larum
563 1700 870 1789 spiritum
913 1699 1346 1765 interclusum
1384 1700 1708 1780 difficilis,
1770 1714 1966 1767 extra
2006 1727 2249 1791 corpus
2281 1728 2396 1771 au·

311 1820 448 1872 tem
490 1807 535 1869 fi
576 1799 1051 1889 respirationes
1099 1802 1331 1881 habet,
1393 1804 1639 1869 mitior·
1663 1804 1936 1889 quidem
1984 1808 2106 1887 est,
2150 1827 2395 1894 corpus

309 1929 480 1976 vero
514 1907 852 1993 distinguit
886 1906 1233 1991 albugines
1279 1919 1345 1971 et
1387 1906 1745 1993 vitiligines
1782 1906 2025 1993 ‚hisque
2072 1919 2395 1994 cognatos

309 2010 579 2078 morbos
622 2032 1007 2099 procreans,
1066 2031 1222 2073 cum
1257 2008 1372 2073 bili
1416 2020 1648 2075 autem
1673 2010 1877 2095 'nigra
1920 2022 2288 2098 temperata
2327 2022 2393 2075 et

306 2115 381 2179 in
430 2112 745 2179 circuitus
790 2112 909 2198 ‘qui
953 2111 1225 2197 quidem
1270 2110 1657 2176 diviniffimi
1705 2114 1864 2203 sunt
1908 2113 1978 2177 in
2018 2112 2234 2202 capite
2281 2114 2392 2178 di-

307 2218 530 2307 spersa
566 2236 810 2302 eosque
847 2213 1285 2302 pertin-bane,
1329 2238 1458 2305 per
1505 2217 1820 2281 somnum
1856 2238 2068 2304 quum
2111 2217 2390 2298 invadit,

305 2323 559 2402 lenior,
607 2318 954 2407 vigilantes
992 2330 1220 2383 autem
1269 2342 1482 2406 quum
1510 2320 1856 2395 adoritur,
1899 2317 2229 2383 difficilius
2273 2340 2391 2383 re·-

304 2425 623 2513 pcllitur;
673 2432 741 2487 et
773 2418 1049 2485 morbus
1081 2420 1190 2486 hic
1238 2444 1453 2508 quum
1495 2424 1718 2487 sacrae
1745 2423 1819 2487 fit·
1853 2432 2130 2485 naturae
2157 2421 2392 2484 rectis-

308 2529 469 2591 fime
501 2528 679 2591 sacer
726 2521 1128 2609 appellatur.
1172 2523 1411 2612 pituita
1437 2535 1666 2588 autem
1705 2523 1897 2589 acida
1928 2534 1997 2588 et
2032 2524 2195 2590 falsa
2237 2524 2388 2590 fons

307 2632 396 2694 cst
429 2626 735 2694 omnium
774 2623 1169 2688 morborum
1202 2625 1803 2709 quidestillationes
1832 2637 2203 2704 vocantur3
2231 2625 2390 2713 quia

304 2753 474 2796 vero
521 2728 651 2793 loci
708 2726 781 2791 in
846 2720 1014 2812 quos
1060 2724 1213 2790 fluit
1256 2727 1425 2790 varii
1468 2732 1662 2808 sunt,
1736 2729 1924 2795 varia
1981 2728 2391 2796 invenerunt

303 2831 531 2901 morbi
566 2829 864 2912 nomin&
928 2848 1396 2912 quaecumque
1437 2853 1645 2918 porro
1685 2833 1986 2921 corporis
2015 2845 2243 2921 partes
2272 2833 2389 2899 in·-

287 2936 686 3002 {lammatae
728 2931 1081 3006 dicuntur,
1140 2934 1445 3017 eoquod
1498 2934 1966 3002 incenduntur
2005 2947 2079 3000 et·
2114 2932 2388 3002 inflam-

301 3050 581 3105 mantur
620 3058 660 3101 a
700 3033 854 3113 bili,
879 3030 1065 3117 *tales
1097 3035 1425 3101 exsistunt.
1485 3025 1554 3100 et
1595 3035 1930 3126 accipiens
1966 3037 2243 3124 quidem
2269 3061 2385 3105 re-

301 3140 731 3227 spirationem
775 3127 996 3203 verias
1042 3135 1290 3201 emittit
1351 3138 1646 3204 vomicas
1690 3139 2057 3223 ebulliens,
2131 3140 2388 3207 inclusa

299 3264 466 3306 vero
510 3239 694 3305 intus
753 3240 1008 3317 multos
1051 3238 1324 3304 urentes
1382 3240 1594 3315 iniicit
1630 3240 1942 3322 morboS,
2000 3244 2389 3331 maximum

301 3356 527 3408 autem
549 3390 568 3422 ‚
616 3341 886 3427 quando
913 3363 1091 3428 puro
1116 3359 1267 3406 cum
1315 3341 1481 3427 igne
1497 3353 1872 3431 temperata
1902 3333 2233 3417 fibrarum
2261 3365 2387 3430 ge·-
2414 3356 2417 3361 '
2442 3340 2479 3401 ε’

298 3467 426 3510 nus
455 3466 540 3508 ex
573 3443 811 3509 ordine
841 3446 957 3508 suo
1002 3443 1338 3524 dimovet,
1379 3465 1555 3529 quae
1583 3443 1913 3532 dispersae
1942 3448 2101 3511 sunt
2133 3446 2203 3510 in
2235 3448 2388 3513 san·-

298 3546 609 3634 guinem‚
654 3557 731 3610 ut
758 3546 1173 3611 moderatam
1225 3528 1508 3612 haberet
1552 3546 1946 3613 tenuitatem
1979 3560 2047 3613 et
2080 3551 2388 3615 craffitu-

299 3646 524 3714 dinem
546 3696 565 3725 ,
596 3645 902 3733 et¹neque
936 3659 1219 3736 propter
1248 3651 1541 3716 calorem
1573 3648 1827 3739 quippe
1851 3648 2140 3737 liquidus
2166 3674 2203 3715 e
2230 3674 2386 3715 raro

298 3773 587 3840 corpore
648 3749 948 3823 efflueret
967 3798 997 3830 ,
1057 3774 1316 3841 neque,
1373 3753 1634 3821 densior
1700 3754 1748 3819 fi
1801 3757 1992 3836 effet,
2059 3749 2388 3820 difficilius

2568 961 2603 998 C
