2738 4600
1094 333 1614 403 ΤιΜΑΕυε.
2266 361 2390 428 207

299 530 417 596 rae
443 509 709 576 moles
686 505 860 597 ignis
902 515 996 571 et
1010 504 1131 571 aiir
1172 528 1313 573 non
1357 495 1826 592 liquefaciunt3
1881 512 2035 598 quia
2075 512 2261 580 enim
2302 537 2391 583 ex

301 614 609 702 partibus
627 613 931 680 constant
944 610 1357 688 vacuitatum
1383 608 1527 673 eius
1545 605 2117 699 coagmentatione
2154 619 2392 683 minu-

300 717 626 795 tioribus,
672 737 798 805 per
838 713 1018 779 locos
1047 710 1298 776 multos
1328 710 1647 801 spatiosos
1673 721 2220 803 progredientes
2265 744 2393 788 nec

298 821 442 887 vim
477 819 903 899 adhibenteS,
934 814 1042 879 red
1076 816 1357 879 fluentes
1392 836 1539 880 eam
1565 838 1708 881 non
1749 819 2174 903 dissolutam,
2203 819 2389 890 haud

297 920 730 1010 liquefactam
769 943 922 987 eam
965 917 1329 1006 praebent3
1393 938 1607 1004 aquae
1648 932 1879 986 autem
1920 924 2075 1010 quia
2102 926 2393 993 maiores

304 1027 462 1093 sunt
481 1036 723 1113 partes,
767 1024 1148 1090 violentum
1176 1017 1496 1084 facientes
1527 1023 1914 1106 transitum,
1946 1028 2210 1095 solvunt
2238 1051 2392 1104 eam

303 1140 377 1195 et
407 1126 872 1217 liquefaciunt.
918 1137 1173 1191 terram
1201 1122 1477 1209 quidem
1507 1146 1644 1190 non
1673 1141 2093 1216 compactam
2116 1145 2393 1221 propter

302 1231 708 1299 violentiam
737 1232 832 1296 ita
867 1250 1060 1317 aqua·
1096 1225 1236 1291 fola
1263 1224 1490 1304 solvit,
1535 1244 1952 1316 compactam
1994 1256 2156 1298 vero
2188 1258 2395 1321 prae-

299 1348 409 1404 ter
447 1338 674 1424 iguem
709 1331 916 1410 nihi13
967 1327 1282 1402 introitus
1308 1326 1494 1392 enim
1524 1330 1691 1395 nulli
1724 1331 1838 1408 nifi
1882 1335 2025 1422 igni
2053 1337 2394 1423 relinqui-

299 1451 437 1506 tur.
482 1460 695 1525 aquae
721 1454 990 1523 quoque
1019 1430 1512 1496 concretionem
1545 1429 2081 1504 violentiffimam
2112 1441 2394 1524 quidem

302 1543 478 1631 ignis
512 1543 709 1616 tolus,
737 1532 1248 1601 imbecilliorem
1275 1543 1441 1597 vero'
1485 1530 1708 1613 ambo,
1752 1534 1924 1620 iguis
1965 1551 2031 1603 et
2061 1542 2199 1623 aar,
2247 1543 2394 1608 dif-

233 1687 239 1698 ‚
300 1644 640 1727 fundunt,
684 1639 794 1706 hic
832 1636 1100 1725 quidem
1139 1634 1511 1700 secundum
1561 1658 1797 1718 vacua,
1839 1638 1954 1703 ille
1995 1663 2156 1707 vero
2187 1645 2394 1710 etiam

302 1746 677 1813 secundum
732 1742 1084 1828 triangula.
1144 1736 1216 1802 vi
1255 1749 1488 1803 autem
1537 1739 1766 1804 aerem
1803 1755 2188 1808 concretum
2222 1745 2393 1810 nihil

301 1847 579 1916 resolvit
607 1848 683 1913 in
711 1847 1163 1920 elementum,
1209 1864 1352 1906 non
1402 1853 1710 1926 coactum
1742 1856 1966 1909 autem
2004 1847 2071 1910 vi
2105 1833 2398 1930 liques-a-

302 1953 396 2019 cit
423 1952 600 2018 solus
632 1948 820 2036 ignis,
851 1948 937 2011 de
965 1943 1366 2033 corporibus
1393 1955 1625 2009 autem
1654 1957 1899 2013 eterra
1928 1959 1992 2012 et
2010 1971 2090 2035 aq
2102 1971 2184 2014 ua
2201 1973 2395 2015 com-

302 2052 574 2135 mixtis,
619 2049 947 2138 quamdiu
983 2069 1163 2133 aqua
1206 2058 1436 2112 terrae
1479 2048 1851 2120 vacuitates
1894 2051 1971 2118 vi
2015 2066 2395 2140 compactas

303 2168 613 2244 occupat,
641 2173 857 2240 aquae
875 2150 1150 2237 quidem
1175 2161 1404 2239 partes
1430 2151 1844 2217 extrinsecus
1863 2154 2301 2220 accedentes
2282 2181 2393 2223 m-

299 2259 585 2326 troitum
600 2254 1028 2338 nonhabent,
1047 2251 1159 2318 sed
1180 2252 1730 2320 circumfluentes
1748 2266 1955 2322 totam
1970 2259 2221 2325 molem
2254 2284 2396 2327 non

301 2360 737 2450 liquefactam
766 2361 1004 2432 sinunt,
1030 2357 1205 2445 ignis
1221 2371 1450 2424 autem
1466 2368 1690 2446 partes
1704 2358 1778 2423 in
1807 2381 2138 2445 aquarum
2169 2363 2400 2428 vacui..

300 2459 989 2547 tatesintrantes‚quia
1002 2461 1231 2526 a‘e‘rem
1246 2461 1340 2524 ita
1351 2457 1557 2524 afficit
1567 2460 1584 2523 i
1589 2459 1735 2547 gnis
1750 2473 1825 2525 ut
1835 2485 2009 2547 aqua
2022 2465 2397 2542 terram,so-

296 2567 409 2633 lae
420 2564 721 2630 efficiunt
733 2562 1267 2651 utliquefactum
1281 2584 1430 2626 com
1440 2582 1650 2649 mune
1665 2584 1909 2650 corpus
1925 2560 2267 2630 fluat.su'nt
2281 2590 2398 2633 au·
2468 2638 2478 2649 ,

301 2679 446 2734 tem
462 2667 631 2732 haec
642 2686 952 2752 corpora,
968 2662 1216 2754 partim
1235 2665 1461 2729 minus
1477 2664 1796 2730 habentia
1814 2688 2026 2752 aquae
2041 2688 2241 2753 quam
2259 2683 2397 2736 ter.

301 2791 444 2844 rae,
461 2768 864 2846 universum
875 2768 1033 2835 vitri
1047 2787 1260 2855 genua
1273 2777 1337 2832 et
1351 2787 1816 2856 quaecumque
1829 2770 2133 2860 lapidum
2153 2773 2190 2834 s
2179 2773 2396 2861 pecias

301 2872 531 2940 fufiles
557 2871 904 2951 dicuntur,
933 2869 1182 2961 partim
1211 2870 1364 2958 plus
1395 2892 1632 2956 aquae,
1665 2871 1890 2939 omnia
1928 2871 2396 2965 quaecumque

303 2995 500 3041 cerae
512 2973 800 3062 speciem
814 2973 1132 3040 habentia
1150 2984 1217 3036 et
1248 2973 1529 3040 odorata
1548 2986 1898 3060 compacta
1914 2977 1952 3037 s
1947 2988 2067 3040 unt
2087 2998 2394 3062 corpora.

474 3077 572 3143 Ac
596 3078 846 3168 species
871 3078 1136 3165 quidem
1155 3074 1550 3164 figurarum,
1564 3064 2134 3147 communitatum
2166 3086 2394 3143 etmu-

302 3176 632 3247 tationum
660 3181 987 3246 varietate
1017 3178 1353 3244 distinctae
1369 3177 1588 3243 ferme
1604 3178 1986 3244 declaratae
2013 3181 2189 3262 sunt,
2221 3181 2397 3246 affe-

302 3284 557 3350 ctiones
587 3296 817 3349 autem
862 3305 1093 3347 earum
1133 3280 1384 3367 quibus
1423 3281 1509 3344 de
1542 3281 1746 3347 caufis
1778 3282 2101 3347 eveniant
2134 3305 2396 3346 conan-

304 3386 473 3452 dum
498 3384 689 3451 nobis
727 3382 1123 3474 patefacere.
1166 3395 1233 3448 et
1261 3382 1564 3469 primum
1598 3382 1877 3469 quidem
1904 3385 2180 3449 sensum
2213 3383 2396 3447 fem-

302 3509 433 3579 per
463 3497 740 3579 oportet
761 3487 1011 3553 subeffe
1041 3486 1143 3553 his
1173 3508 1347 3574 quae
1373 3486 1552 3552 dicta
1578 3487 1753 3551 sunt.
1803 3484 2019 3549 carnis
2048 3495 2117 3548 et
2151 3506 2394 3550 eorum

304 3588 579 3679 quaead
613 3610 884 3656 carnem
911 3589 1274 3679 pertinent,
1301 3590 1598 3675 itemque
1624 3587 1836 3654 animi
1853 3596 2181 3674 quantum
2199 3609 2395 3652 mor-

302 3693 455 3761 talis
485 3696 575 3759 est
618 3693 924 3759 nondum
955 3692 1390 3779 exposuimus
1430 3703 1685 3757 ortum.
1729 3691 1884 3754 sunt
1908 3699 2138 3753 autem
2170 3710 2397 3774 neque

301 3797 474 3865 haec
512 3797 598 3863 ab
641 3795 1106 3865 affectionibus
1148 3796 1453 3884 separata
1503 3790 1622 3857 sub
1679 3791 1943 3856 sensum
1997 3790 2393 3858 cadentibus
2473 3870 2481 3883 Ι

299 3920 525 3984 :neque
574 3900 735 3966 illae
785 3900 927 3971 fine
968 3898 1071 3965 his
1113 3898 1267 3963 satia
1312 3900 1576 3985 poss'unt
1622 3883 1984 3979 explicari3
2031 3915 2207 3978 quae
2236 3896 2396 3982 qui..

302 4000 463 4068 dem
491 4002 683 4067 fimul
708 4000 857 4070 fieri
883 4012 1254 4086 nequeunt.
1271 3991 1743 4087 proponenda
1769 3996 1972 4081 igitur
2001 3995 2189 4083 prius
2221 3999 2396 4062 alte-

300 4125 406 4185 ra,
424 4115 493 4168 et
507 4103 869 4192 posteriora
886 4126 1057 4190 quae
1074 4100 1418 4192 proposita
1432 4101 1588 4164 sunt
1598 4098 2087 4193 persequemur
2102 4095 2427 4186 posthac.

300 4223 385 4273 ut
422 4204 632 4295 igitur
673 4205 1060 4274 affectiones
1111 4203 1537 4292 explicentur
1580 4199 1842 4268 ortibus
1886 4202 2387 4284 consequente-3,
