2738 4600
1113 293 1621 366 TIMAEUS.
2289 320 2416 389 ³99

318 468 568 554 iusque
623 462 1093 538 multitudines
1134 465 1286 533 loco
1338 467 1620 557 proprio
1669 480 1956 557 propter
1998 469 2412 560 receptaculi

322 572 736 644 motionem,
780 568 1115 639 diafimilia
1149 591 1315 636 vero
1356 568 1538 637 sacta
1579 568 1900 656 feruntur
1924 583 2206 660 propter
2234 594 2410 640 con·-

309 675 691 742 rcuffionem
720 672 805 742 ad
834 693 1070 740 eorum
1108 671 1354 758 quibus
1381 673 1610 740 similia
1644 673 1941 772 qvadu'ut
1965 672 2216 740 locum.

490 808 989 900 Quaecumque
1018 808 1104 897 igi
1114 822 1224 875 tur
1237 809 1561 899 simplicia
1582 821 1649 875 et
1677 809 1903 897 prima
1919 832 2209 898 corpora
2227 813 2404 895 sunt,

314 913 436 980 has
458 913 546 979 ob
572 915 795 979 causas
832 913 1245 978 exstiterunt.
1303 911 1483 1000 quod
1520 923 1747 978 autem
1791 912 1865 977 in
1898 935 2134 981 eorum
2161 909 2437 980 formis*-

315 1009 448 1083 alia
472 1016 907 1081 innascuntur
931 1035 1202 1101 genera,
1259 1012 1469 1080 huius
1496 1015 1615 1079 rei·
1631 1017 1824 1081 causa
1849 1011 2284 1081 attrilmenda
2313 1007 2403 1082 e'st

307 1118 664 1207 ‘utriusque
688 1118 1008 1184 elementi
1035 1117 1516 1207 compositioni,
1546 1120 1799 1208 quippe
1819 1141 1996 1205 quae
2019 1140 2159 1185 non
2184 1117 2415 1184 solum¹

310 1245 531 1288 unum
564 1220 1030 1306 magnitudine
1062 1218 1446 1309 praeditum
1480 1219 1896 1309 triangulum
1929 1219 2014 1287 ab
2048 1221 2241 1289 initio
2274 1225 2402 1308 ge'-
2431 1311 2433 1313 q

309 1326 688 1405 notaverit,
733 1322 845 1388 sed
877 1324 1148 1388 minora
1174 1335 1241 1389 et
1265 1323 1560 1403 maiora,
1603 1336 2003 1411 tantumque
2029 1346 2399 1391 numerum
2454 1357 2459 1361 ·
2522 1332 2529 1342 '

309 1425 629 1514 habentia
660 1437 827 1513 quot
856 1427 1012 1491 sunt
1040 1422 1114 1489 in
1140 1425 1382 1492 formis
1396 1447 1667 1514 genera.
1713 1427 2030 1512 quocirc'a
2057 1425 2400 1495 commix-

307 1540 378 1593 ta
416 1529 643 1592 secum
675 1538 740 1590 et
778 1527 970 1593 inter'
1001 1527 1430 1608 se‘vaijetate
1461 1530 1616 1595 sunt
1638 1527 1935 1605 infinita;
2002 1530 2197 1596 cuius
2237 1528 2401 1616 qui-

308 1632 464 1695 dem
504 1631 905 1717 spectatores
945 1641 1211 1719 oportet
1253 1635 1383 1698 effe
1427 1630 1546 1719 qui
1588 1630 1675 1696 de
1717 1621 1960 1697 flatura
2000 1632 2222 1700 velint
2248 1632 2398 1699 veri

305 1731 508 1797 slmili
538 1729 845 1796 oratione
868 1729 1231 1819 disputare.

477 1868 623 1934 Iam
651 1868 828 1952 quod
864 1867 947 1933 ad
983 1853 1241 1935 motum
1277 1881 1346 1935 et
1369 1871 1608 1956 statum
1639 1868 1899 1944 attinet,
1930 1880 2083 1956 ‘quo
2111 1859 2399 1958 pactoet

307 1995 462 2039 cum
508 1970 750 2057 quibus
793 1973 1121 2062 exfistant,
1177 1973 1296 2039 nisi
1336 1973 1483 2061 quis
1514 1973 1850 2051 statuerit,
1893 1972 2114 2039 multa
2138 1966 2394 2065 fuerint

304 2073 798 2161 impedimento
834 2074 1101 2161 posthac
1141 2076 1479 2163 susceptae
1507 2074 1998 2163 cogitationi'et
2032 2069 2395 2155 investiga-

304 2177 501 2242 tioni.
553 2200 631 2242 ae
664 2174 747 2239 de
776 2174 881 2240 his
910 2176 1188 2262 quidem
1217 2178 1550 2244 nonnulla
1573 2178 1707 2245 iam
1738 2178 1918 2245 dicta
1942 2180 2098 2243 sunt
2113 2225 2139 2256 ,
2185 2195 2394 2263 prae-

302 2290 491 2346 terea
535 2277 740 2345 etiam
783 2276 949 2344 haec
991 2277 1432 2365 proferenda,
1473 2282 1549 2347 in
1583 2267 1989 2368 aequalitate
2016 2290 2392 2365 numquam

301 2388 480 2472 posse
527 2393 795 2449 motum
837 2381 1057 2449 ineffe.
1118 2369 1280 2447 nam
1312 2379 1741 2451 'movendum
1792 2384 1924 2446 fine
1971 2393 2244 2446 moturo
2276 2378 2393 2444 vel

301 2500 651 2551 moturum
693 2486 829 2549 fine
872 2485 1209 2551 movendo
1251 2484 1518 2552 difficile
1559 2485 1670 2550 vel
1706 2482 1929 2572 potius
1958 2487 2086 2549 effe
2115 2481 2391 2568 nequit3

298 2599 525 2673 motus
554 2596 782 2650 autem
811 2585 1038 2650 nullus
1053 2587 1141 2651 est
1153 2586 1257 2651 his
1277 2586 1712 2669 ‚absentibus3
1754 2585 1923 2651 haec
1945 2607 2105 2650 vero
2135 2604 2392 2669 aequa-

297 2690 394 2757 lia
422 2693 546 2753 effe
576 2707 945 2781 numquam
977 2692 1265 2776 poffunt.
1328 2691 1559 2772 ,itaque
1583 2690 1826 2754 statum
1857 2685 2131 2775 quidem
2154 2683 2229 2749 in
2269 2707 2409 2748 ae-=

297 2790 643 2879 qualitate,
655 2800 918 2854 motum
935 2802 1166 2855 autem
1179 2790 1252 2856 in
1269 2790 1745 2879 inaequalitate
1757 2792 2018 2880 semper
2029 2809 2390 2880 ponamus.

298 2894 495 2960 causa
526 2890 688 2956 vero
728 2890 1097 2979 inaequalis
1119 2882 1413 2960 'naturae
1457 2897 1544 2960 est
1574 2885 2050 2975 dissimilitudo.
2094 2915 2172 2958 ac
2200 2889 2390 2955 disfi-
2482 2948 2487 2955 .

298 2984 693 3064 militudinis
743 2991 1025 3080 quidem
1065 2995 1390 3083 originem
1436 2995 1962 3085 explicavimus3
2039 2991 2387 3084 quomodo

298 3109 527 3163 autem
568 3096 684 3162 fiat
715 3109 794 3160 ut
824 3099 1073 3184 lingula
1106 3100 1346 3166 secund
1359 3125 1477 3167 um
1517 3092 1765 3186 genera
1787 3099 2090 3186 separata
2116 3092 2388 3163 moveri

296 3197 479 3264 inter
532 3201 598 3263 se
643 3222 719 3264 ac
757 3198 929 3265 ferri
973 3201 1301 3295 desinant,
1344 3226 1485 3269 non
1529 3200 1984 3289 exposuimus.
2043 3202 2139 3267 ita
2175 3198 2386 3291 igitur

295 3303 530 3367 rursus
559 3301 876 3399 dicemus.
929 3390 933 3397 ‘
1004 3393 1022 3401 „

471 3436 775 3504 Univerfi
804 3439 1158 3513 circuitus,
1200 3462 1449 3528 genera
1474 3440 1894 3533 complexus,
1932 3439 2088 3526 quia
2112 3428 2385 3503 orbicu-
2452 3480 2459 3485 -

294 3542 474 3608 latus
514 3541 604 3605 est
630 3551 1005 3631 naturaque
1028 3544 1582 3630 itaeomparatus
1608 3553 1687 3607 ut
1715 3543 1900 3607 ad-se
1949 3542 2086 3629 ipse
2121 3540 2382 3619 tendat,

298 3641 682 3727 constringit
718 3644 945 3710 omnia
972 3646 1376 3732 nullumque
1406 3646 1556 3711 finit
1583 3646 1811 3712 locum
1842 3664 2138 3711 vacuum
2167 3640 2386 3706 relin-

298 3745 434 3834 qui.
483 3744 798 3834 quocirca
821 3746 992 3833 ignis
1013 3748 1291 3836 quidem
1326 3770 1450 3843 per
1481 3749 1709 3815 omnia
1720 3746 2035 3837 pervadit
2060 3745 2386 3826 maxime,

298 3849 421 3914 a‘e'r
451 3862 679 3914 autem
715 3849 1007 3916 secundo
1039 3852 1207 3928 loco,
1255 3850 1412 3937 quia
1444 3850 1774 3937 tenuitate
1805 3850 2132 3915 secundus
2162 3849 2272 3929 est,
2300 3859 2386 3923 ⁴et

294 3953 393 4018 ita
437 3952 720 4039 reliqua.
780 3974 951 4038 quae
993 3951 1174 4018 enim
1222 3974 1308 4034 ex
1350 3953 1673 4019 maximis
1700 3939 2003 4045 partibus
2029 3949 2386 4018 factasunt

298 4053 682 4121 maximam
710 4054 1114 4125 vacuitatem
1142 4055 1215 4121 in
1232 4055 1702 4144 composition-e
1727 4056 2148 4145 relinquunt,
2175 4051 2386 4151 mini-
