2738 4600
1033 327 1490 401 POLITIA
1542 328 1630 403 X.
2247 353 2370 421 107

291 505 642 587 excidifl‘et,
651 504 1020 597 proceffifle
1044 503 1413 573 electurum
1431 528 1453 586 3
1469 501 1899 570 recordatum
1926 512 2156 576 autem
2180 503 2374 594 prio-

289 635 452 679 rum
493 630 976 677 aerumnarum
1010 605 1388 675 ambitione
1418 606 2130 694 depofitaquaefiviffe
2166 605 2373 672 ober-

287 726 553 782 rantem
589 712 708 779 diu
736 712 870 778 viri
900 712 1113 782 vitam
1141 709 1392 799 privati
1421 721 1488 775 et
1519 707 1737 790 otiofi,
1763 708 2024 795 vixque
2046 710 2374 776 invenifl'e

284 816 540 885 alieubi
564 819 752 882 fitam
781 827 847 880 et
875 817 1250 904 neglectam
1279 837 1319 879 a
1347 812 1638 901 reliquis,
1663 824 1871 899 atque
1899 812 2127 880 dixiffe
2155 836 2374 901 quum

284 943 440 986 eam
490 919 790 1002 vidiss'et,
836 918 1019 984 idem
1065 919 1136 982 se
1177 916 1525 983 facturum
1572 916 1767 985 fuisse
1808 917 2016 983 etiam
2065 918 2109 983 fi
2153 919 2376 1005 prima

284 1026 489 1113 ipfius
510 1025 658 1095 ,sors
702 1020 1072 1102 excidiss'et‚
1120 1031 1187 1086 et
1228 1019 1520 1086 libenter
1548 1023 1615 1084 se
1663 1042 1815 1085 eam
1860 1019 2138 1107 elegiffe.
2180 1032 2249 1084 et
2288 1043 2374 1086 ex

286 1127 565 1214 reliquia
610 1147 881 1218 quoque
912 1122 1373 1192 animantibus
1414 1124 1713 1190 fimiliter
1752 1123 2018 1211 animos
2043 1122 2116 1188 in
2150 1121 2377 1188 homi-

286 1251 409 1305 nes
438 1229 743 1316 migraffe
784 1239 853 1292 et
875 1226 948 1292 in
977 1228 1044 1291 se
1070 1226 1366 1293 invicem
1387 1275 1406 1309 ‚
1444 1227 1681 1293 iniusta
1713 1227 1790 1293 in
1814 1226 1997 1301 fera,
2042 1226 2214 1291 iusta
2247 1248 2373 1290 au·-

282 1341 429 1395 tem
445 1330 516 1395 in
536 1332 878 1397 mansueta
907 1330 1347 1412 transeuntia,
1364 1329 1684 1417 omnique
1699 1332 1905 1401 modo
1929 1324 2115 1396 'inter
2143 1331 2212 1394 se
2238 1332 2378 1395 mi-

286 1433 478 1499 iceri.
544 1456 759 1520 quum
798 1453 966 1497 vero
1016 1455 1249 1498 omnes
1292 1434 1497 1500 animi
1536 1433 1709 1500 vitas
1753 1434 2127 1522 elegissent,
2169 1443 2377 1521 prout

286 1538 436 1600 sors
466 1536 791 1621 cuiusque
815 1534 1187 1617 excidisset,
1214 1558 1298 1601 ex
1324 1536 1561 1602 ordine
1585 1539 1902 1603 acoesfiffe
1923 1538 2007 1603 ad
2035 1536 2376 1613 Lachesin,

291 1659 475 1722 quae.
506 1637 751 1722 cuique
795 1662 997 1725 quem
1047 1638 1337 1725 elegiss‘et
1374 1638 1647 1723 genium
1675 1639 2014 1705 custodem
2047 1639 2229 1704 vitae
2268 1649 2382 1702 at·—

289 1739 615 1813 tribuerit
666 1751 734 1806 et
787 1740 1174 1807 effectorem
1233 1731 1476 1807 eorum
1521 1746 1698 1823 quae
1746 1737 2015 1804 animus
2068 1739 2379 1826 elegisset·

288 1836 486 1911 hune
522 1856 743 1915 autem
791 1842 1098 1932 primum
1144 1840 1403 1907 dux-isse
1444 1862 1601 1913 eum
1641 1839 1726 1902 ad
1765 1838 2054 1907 Clothus
2099 1864 2382 1908 manum

290 1945 554 2031 fusique
573 1950 643 2012 se
669 1945 956 2012 rotantis
982 1944 1738 2022 eonverfionemffatam
1763 1936 2158 2011 efficientem
2179 1966 2382 2030 quam

296 2049 588 2133 elegisset
610 2050 900 2128 sortem3
927 2048 1101 2128 hane
1130 2067 1298 2111 vero
1330 2044 1445 2113 ubi
1475 2044 1784 2131 attigisset
1809 2047 2040 2112 rursus
2068 2046 2151 2112 ad
2172 2046 2383 2115 Atro-
2453 2112 2458 2116 .

293 2172 445 2234 pon
491 2173 648 2221 eum
690 2149 954 2221 duxisse
994 2159 1269 2215 nentem
1307 2158 1387 2211 ut
1417 2148 1861 2214 immutabilia
1904 2148 2215 2214 redderet
2251 2151 2380 2215 sta-

295 2255 490 2324 mina
526 2254 797 2337 fatalia;
845 2251 1003 2320 hine
1038 2274 1201 2320 vero
1244 2273 1532 2340 propere
1573 2251 1658 2318 ad
1690 2252 2097 2322 Necerfitatis
2135 2253 2382 2319 solium

298 2359 368 2424 se
393 2356 767 2448 profectum
808 2363 964 2432 effe3
1012 2379 1131 2444 per
1157 2356 1337 2440 quod
1365 2378 1578 2441 quum
1612 2359 1985 2444 pervasisset
2014 2378 2173 2421 oum
2210 2357 2384 2422 reli-

301 2461 487 2549 quis,
546 2461 907 2548 perrexisse
950 2469 1225 2526 cunctos
1277 2458 1351 2521 in
1379 2458 1630 2530 ‚Lethes
1672 2479 1993 2543 campum
2029 2457 2107 2537 in
2157 2458 2384 2523 calore

302 2565 611 2648 aestuque
639 2565 1080 2641 vehemente3
1115 2559 1302 2626 fuifl‘e
1333 2560 1515 2624 enim
1552 2561 1750 2626 illum
1776 2558 2134 2626 arboribus
2168 2561 2381 2626 omni-

302 2665 571 2752 busque
611 2687 786 2750 quae
816 2677 1007 2730 terra
1059 2663 1356 2749 gigneret
1405 2685 1715 2730 vacuum.
1777 2662 2141 2729 recubuisse
2172 2662 2385 2750 igitur

303 2767 486 2855 ipsos
535 2789 746 2852 quum
784 2766 920 2830 iam
970 2766 1212 2851 vesper
1249 2766 1633 2836 effetiuxta
1672 2764 2029 2832 Ameleten
2066 2765 2383 2846 fluvium,

307 2870 497 2935 cuius
526 2892 769 2956 aquam
800 2869 1063 2934 nullum
1090 2890 1216 2959 *vas
1232 2867 1632 2938 contineret.
1674 2889 1752 2932 ae
1780 2863 2058 2934 modum
2108 2867 2382 2952 quidem

307 2984 562 3056 certum
593 2995 811 3058 aquae
840 2969 1150 3036 omnibus
1181 2975 1308 3035 effe
1335 2969 1725 3049 bibendum,
1758 2968 2115 3057 prudentia
2153 2982 2386 3036 autem

308 3099 448 3142 non
474 3077 767 3142 servatos
807 3075 1008 3162 supra
1052 3074 1330 3139 modum
1381 3074 1649 3154 bibere3
1693 3093 2025 3158 quemque
2065 3094 2231 3138 vero
2274 3073 2387 3140 bi·-

309 3176 585 3242 bentem
629 3176 937 3242 omnium
983 3174 1303 3241 oblivisci.
1361 3177 1707 3263 postquam
1748 3173 2194 3241 recubuissent
2235 3198 2386 3241 me-

311 3279 558 3362 diaque
615 3302 749 3345 nox
805 3282 991 3357 esset,
1049 3278 1308 3342 tonitru
1360 3288 1714 3362 terraeque
1753 3291 2017 3343 motum
2066 3279 2387 3357 exstitisse,

315 3393 385 3445 et
407 3380 592 3445 illinc
622 3380 841 3445 subito
875 3380 1078 3444 alium
1109 3379 1237 3443 alio
1265 3380 1474 3445 latum
1509 3383 1635 3445 esse
1668 3380 1923 3445 sursum
1961 3379 2043 3443 ad
2071 3401 2389 3466 procrea-

311 3484 606 3564 tionem,
649 3484 1057 3572 profilientes
1096 3482 1296 3547 instar
1336 3483 1691 3550 stellarum.
1736 3483 1803 3547 se
1850 3480 2116 3567 quidem
2151 3479 2390 3566 prohi-

309 3583 529 3649 bitum
559 3583 748 3649 fuiffe
776 3608 1020 3670 aquam
1065 3584 1329 3666 bibere3
1374 3584 1715 3670 quomodo
1756 3593 1980 3648 autem
2022 3581 2091 3644 in
2143 3601 2389 3668 corpus

309 3688 583 3753 venerit
609 3689 674 3751 se
717 3686 999 3764 nescire,
1042 3686 1152 3751 sed
1184 3698 1465 3777 repente
1507 3706 1719 3772 quum
1769 3681 2156 3770 suspexisset
2193 3705 2391 3749 mane

311 3793 379 3856 se
414 3790 632 3878 ipsum
661 3788 891 3855 vidiffe
919 3788 1058 3861 iam
1089 3789 1469 3877 impolitum
1493 3788 1569 3852 in
1593 3806 1857 3871 rogum.

485 3996 706 4082 Atque
734 3996 934 4079 haee,
981 3981 1239 4060 Glauco
1259 4041 1278 4075 ‚
1320 3991 1553 4058 fabula
1579 3990 1837 4053 servata
1878 3988 1966 4052 est
1994 4012 2114 4055 nec
2138 3989 2396 4066 interit,

286 4111 383 4186 „et
421 4122 548 4167 nos
591 4097 920 4183 servabit,
963 4098 1009 4163 fi
1052 4096 1255 4164 fidem
1302 4095 1367 4160 ei
1395 4090 1832 4177 habebimus»,
1877 4104 1944 4159 et
1983 4094 2223 4170 Lethes
2264 4090 2398 4154 ssu-
