2738 4600
1174 267 1632 361 carrus,
1686 397 1689 404 ι
2293 295 2419 373 ,33

352 480 430 534 ut
472 460 855 534 remedium
897 459 1090 527 nobis
1120 460 1503 550 suppeditet
1545 464 2093 551 perfectiffimum
2137 479 2205 532 et
2237 467 2421 553 opti·-

296 559 300 566 ’
345 587 541 635 ιιιιιιιι
566 565 1058 643 remediorum,
1101 560 1463 632 scientiam·
1518 587 1661 654 qua
1683 569 1958 653 quidem
1984 568 2163 636 facta
2183 565 2416 657 pre'ca-

344 674 534 738 tione
573 669 903 738 tradimus
918 714 939 749 ‚
982 677 1061 732 ut
1099 670 1534 752 compositum
1581 672 1706 754 est,
1750 670 2000 738 Critiae
2043 672 2418 738 orationem

344 776 660 860 deinceps
707 768 1238 860 explicandam.··

526 876 693 942 erit.
737 874 939 954 Sane,
970 870 1286 946 Timaeo,
1318 873 1570 963 accipio
1603 897 1788 952 eam,
1818 874 2002 941 idem
2034 897 2200 942 vero
2229 875 2418 963 quod

297 1023 300 1028 -
345 992 424 1045 tu
464 978 655 1044 initio
697 974 901 1042 fecisti
946 996 1159 1061 quum
1198 976 1472 1042 veniam
1495 990 1756 1064 peteres
1806 978 2064 1065 quippe
2089 978 2174 1043 de
2211 978 2417 1042 rebus

342 1080 603 1166 magnis
633 1078 965 1160 dicturus,
996 1098 1119 1163 ego
1144 1082 1414 1165 quoque
1442 1102 1624 1147 nunc
1651 1080 1837 1150 facio»
1853 1081 2132 1146 eandem
2160 1091 2419 1169 petens,

345 1196 415 1249 et
443 1179 653 1268 magis
699 1179 903 1245 etiam
949 1200 1061 1242 me
1089 1178 1371 1256 ,confido
1417 1204 1581 1248 eam·
1607 1185 2130 1271 impetraturum
2164 1182 2289 1246 effe
2331 1181 2419 1264 de
2456 1226 2461 1232 -

341 1287 424 1352 iis
452 1306 624 1371 quae
649 1281 1109 1372 propositurus
1139 1280 1304 1344 sum.
1354 1287 1766 1369 quamquam
1789 1283 1932 1352 sere
1959 1283 2259 1369 intelligo
2287 1303 2423 1370 pe-

344 1387 649 1453 titionem
698 1402 920 1447 meam
957 1378 1325 1448 admodum
1375 1384 1794 1450 ambitiosam
1843 1398 1907 1450 et
1948 1386 2161 1472 magis
2207 1406 2418 1471 quam
2528 1414 2535 1421 ’

341 1512 467 1579 par
510 1490 589 1551 fit
622 1482 935 1549 rusticam
960 1479 1160 1563 fore3
1191 1497 1490 1553 attamen
1538 1488 1921 1554 dicendum.
1982 1487 2232 1552 etenim
2261 1511 2307 1553 a
2345 1501 2420 1554 te

341 1616 429 1681 pl
435 1593 608 1656 olata
637 1608 776 1650 non
804 1584 976 1649 bene
1031 1586 1207 1652 dicta
1239 1593 1400 1678 effe,
1446 1591 1598 1676 quis
1638 1588 2011 1674 intelligens
2056 1590 2420 1658 conabitur

346 1688 733 1760 affirmare?
779 1710 853 1752 ea
881 1711 1045 1753 vero
1076 1712 1257 1776 quae.
1291 1691 1462 1758 mihi
1507 1693 1787 1759 dicenda
1819 1693 1970 1756 sunt
2005 1690 2274 1756 maioris
2301 1691 2420 1755 in·-

346 1797 574 1881 digere
616 1790 853 1857 veniae
878 1790 1033 1876 quia
1067 1789 1445 1858 difficiliora
1487 1797 1646 1874 fint,
1691 1795 1821 1859 hoe
1848 1793 2249 1878 conandum
2270 1790 2420 1859 fere

344 1899 605 1966 docere.
650 1893 736 1957 de
766 1891 888 1956 diis
920 1893 1141 1970 enim,
1185 1893 1505 1975 Timaee‚
1544 1899 1591 1958 fi
1615 1897 1765 1982 quis
1793 1893 2050 1988 disserit
2086 1893 2267 1982 apud
2300 1894 2421 1975 ho-

342 2000 594 2074 mines,
640 1993 906 2059 facilius
944 1993 1217 2060 videtur
1257 1997 1703 2075 satisfacere,
1749 2020 1951 2084 quam
1984 1998 2069 2061 de
2107 1996 2421 2064 mortali-

339 2105 468 2169 bus
488 2097 668 2187 apud
697 2120 838 2161 nos·
884 2118 1042 2160 nam
1067 2096 1405 2185 imperitia
1437 2122 1810 2187 magnaque
1838 2099 2093 2165 inscitia
2121 2099 2416 2168 audien-

340 2207 511 2272 tium
551 2203 628 2268 in
658 2201 737 2266 iis
781 2200 855 2264 in
896 2200 1140 2285 quibus
1171 2199 1263 2266 ita
1291 2201 1514 2268 affecti
1565 2205 1721 2269 sunt
1757 2205 2045 2272 multam
2084 2202 2417 2290 plaebent

336 2309 729 2376 facilitatem
790 2304 874 2368 de
907 2303 1008 2368 his
1054 2304 1353 2384 dictur30
1398 2305 1481 2369 de
1524 2305 1648 2370 diis
1685 2317 1910 2370 autem
1950 2304 2188 2371 scimus
2238 2329 2418 2395 quo-

337 2412 544 2481 modo
575 2409 792 2476 affecti
823 2410 1040 2472 fimus.
1098 2418 1179 2470 ut
1202 2428 1365 2470 vero
1399 2405 1754 2470 dilucidius
1780 2407 1961 2490 quod
2005 2405 2226 2471 dicere
2255 2408 2416 2476 volo

341 2514 713 2588 declaiem,
757 2508 893 2571 huc
920 2531 1028 2570 me
1060 2505 1432 2591 sequimini.
1473 2507 1766 2572 imitatio
1812 2489 2138 2575 videlicet
2172 2523 2241 2573 et
2264 2492 2436 2575 effi-'

340 2615 470 2680 ctio
511 2608 867 2676 neceffario
914 2610 1069 2672 sunt
1130 2631 1171 2672 a
1211 2607 1409 2696 nobis
1452 2607 1763 2674 omnibus
1806 2608 2018 2690 dicta3
2072 2610 2417 2698 pictorum

338 2725 570 2780 autem
612 2710 1018 2775 effictionem
1069 2710 1143 2774 in
1188 2688 1441 2774 divinis
1490 2721 1558 2775 et
1599 2711 1977 2777 caelestibus
2023 2715 2418 2800 corporibus

337 2818 724 2883 xersantem
781 2812 1133 2895 videamus
1187 2810 1453 2877 ratione
1494 2812 1872 2879 facilitatis
1893 2825 1960 2879 et
2007 2815 2417 2883 difficultatis

341 2943 472 3005 qua
497 2915 942 3005 spectantibus
988 2914 1351 2980 videantur
1393 2937 1541 2979 rem
1587 2917 1736 2980 satis
1775 2917 2104 2983 imitando
2139 2922 2417 3007 expres-

338 3025 505 3098 sisse,
564 3030 633 3083 et
674 3018 1146 3106 perspiciemus
1202 3038 1323 3080 nos
1374 3017 1674 3103 primum
1732 3021 2148 3107 acquiescere
2185 3024 2232 3085 fi
2267 3020 2417 3122 quis

340 3137 589 3189 terram
617 3133 685 3187 et
713 3131 972 3186 montes
1005 3132 1073 3185 et
1095 3117 1347 3184 fluvios
1374 3130 1447 3182 et
1482 3121 1725 3207 sylvas
1735 3133 1805 3184 et
1844 3122 2108 3188 caelum
2139 3123 2308 3187 univ
2313 3144 2419 3187 er-

340 3227 489 3290 sum
523 3245 766 3308 resque
800 3245 971 3308 quae
1015 3221 1191 3286 circa
1224 3220 1486 3293 caelum
1518 3222 1671 3299 sunt
1704 3235 1770 3287 et
1816 3220 2136 3289 feruntur
2171 3225 2281 3290 vel
2310 3224 2418 3288 le-

338 3326 516 3390 viter
549 3324 635 3388 ad
669 3322 1165 3389 similitudinem
1190 3321 1445 3386 imitari
1473 3324 1705 3409 possit,
1749 3335 2128 3412 praeterea,
2165 3322 2418 3412 quippe

338 3438 722 3494 accuratam
771 3448 925 3506 non¹
956 3422 1279 3490 habentes
1336 3424 1585 3491 harum
1639 3449 1876 3495 rerum
1938 3425 2413 3511 cognitionem,

338 3549 561 3614 neque
594 3527 945 3614 explorare
981 3548 1205 3612 neque
1242 3524 1650 3617 redarguere
1674 3528 1892 3621 picta,
1939 3526 2418 3593 sed1effictione

306 3617 585 3699 vverum
631 3630 982 3695 fimulante
1024 3648 1236 3716 eaque
1271 3627 1550 3693 obscura
1593 3641 1665 3695 et
1707 3629 1945 3696 fallace
1977 3630 2078 3694 uti
2120 3628 2192 3693 in
2239 3628 2406 3706 illis3

325 3736 553 3802 nostra
594 3742 821 3802 contra
848 3754 1138 3821 corpora
1178 3733 1216 3796 fi
1250 3730 1393 3819 quis
1423 3720 1781 3799 instituerit
1811 3729 2164 3818 effingere,
2209 3743 2414 3798 acute
