2738 4600
1054 307 1506 436 Pom‘r'm
1561 361 1695 437 1x.
1953 386 1963 419 ι
2346 393 2429 464 ,9

322 537 422 603 est
459 534 702 602 horum
746 530 1144 603 multitudo.
1237 532 1523 603 Diversa
1562 556 1747 603 vero.
1846 538 2085 605 Iamne
2131 539 2259 608 scis
2295 541 2425 612 hoa

322 639 461 706 fine
500 638 638 705 ullo
679 647 863 703 metu
915 638 1044 701 effe
1092 659 1222 702 nec
1263 636 1509 703 timere
1540 634 1893 709 famulos?
1933 639 2081 708 Cur
2108 644 2296 713 enim
2335 647 2422 712 ti—

315 738 597 808 meant?
655 738 840 807 Nihil
878 741 989 819 est,
1052 740 1376 826 inquam3
1436 750 1509 804 at
1556 740 1821 810 causam
1854 764 2021 811 num
2054 746 2422 840 intelligis?

312 843 501 915 Vero
519 891 539 925 ,
586 843 745 930 quia
774 841 1094 913 universa
1120 843 1360 911 civitae
1374 838 1747 930 unicuique
1773 845 2151 917 auxiliatur
2175 854 2422 942 priva-

309 958 571 1013 torum.
658 945 1044 1033 Praeclare,
1086 950 1393 1038 inquam,
1439 945 1624 1013 dicis.
1714 946 1881 1035 quid
1924 953 2138 1018 vero?
2185 957 2234 1022 fi
2271 962 2418 1051 qui.

311 1051 607 1117 deorum
635 1052 861 1119 virum
888 1076 1128 1137 unum,
1188 1049 1300 1119 cui
1329 1048 1812 1167 quinquaginta
1836 1052 1945 1118 vel
1984 1054 2186 1124 etiam
2217 1063 2419 1149 plura

314 1155 446 1218 fint
479 1153 843 1242 mancipia,
890 1155 1236 1223 sublatum
1277 1154 1364 1221 ex‘
1414 1151 1589 1218 urbe
1626 1175 1786 1219 cum
1824 1177 2044 1223 uxore
2079 1180 2160 1224 ac
2191 1161 2418 1232 liberis

293 1257 801 1324 —collocaverit
777 1282 854 1324 m
880 1258 1236 1328 solitudine
1268 1279 1428 1324 cum
1462 1252 1705 1321 ceteris
1718 1254 1962 1346 opibus
1974 1270 2181 1348 atque
2208 1265 2414 1338 etiam

308 1383 474 1427 cum
508 1359 741 1444 servis,
787 1361 905 1427 ubi
932 1363 1165 1429 nullus
1190 1361 1275 1428 de
1300 1358 1529 1425 liberis
1562 1380 1767 1447 opem
1800 1357 1860 1424 ei
1890 1359 1968 1426 fit
1992 1362 2295 1451 laturus,
2338 1370 2416 1439 in

310 1461 500 1547 quali
521 1473 598 1527 et·
623 1476 874 1551 quanto
908 1488 1066 1531 eum
1098 1451 1653 1532 arbitraris'metu
1685 1459 1842 1528 fore
1865 1483 1953 1529 ne
1982 1474 2051 1531 et
2074 1464 2215 1555 ipse
2242 1472 2415 1541 etli-

308 1562 461 1630 beri
491 1576 560 1629 et
583 1588 766 1631 uxor
804 1558 868 1631 aN
885 1565 1088 1632 servis
1125 1563 1675 1633 interficiantur?
1728 1566 1808 1631 In
1838 1566 2136 1644 summo.
2161 1569 2411 1658 inquit,

303 1667 648 1753 equidem.
735 1669 978 1737 Nonne
1020 1681 1300 1757 cogetur
1331 1666 1714 1753 aliquibus
1694 1689 1830 1735 tam
1863 1690 2104 1734 eorum
2129 1671 2411 1760 adulari,

305 1772 534 1839 multa
621 1772 923 1861 polliceri
1022 1783 1090 1837 et.
1165 1766 1662 1838 manumittere
1744 1767 1929 1834 haud
2024 1770 2414 1845 defideran..

306 1882 452 1954 tes,
480 1874 797 1961 ipseque
843 1872 1160 1941 adulator
1208 1873 1571 1936 servorum
1613 1854 1913 1934 exfistet‘?
1967 1870 2251 1941 Prorsus
2287 1902 2416 1947 ne..

305 1924 479 2040 celfe
506 1979 617 2090 est,
658 1977 919 2063 inquit3
965 1975 1163 2041 aliter
1191 1969 1470 2063 peribit.
1528 1968 1714 2057 Quid
1739 1971 2017 2055 vero,s1
2053 1974 2221 2043 alios
2243 2003 2411 2069 quo·

307 2097 472 2162 que,
539 2076 821 2163 inquam
844 2122 863 2155 ,
937 2077 1103 2161 deus
1145 2071 2039 2151 circumcirca·collocaverit
2065 2078 2318 2151 vicinos
2344 2090 2408 2159 ei

304 2178 606 2260 multos,
652 2180 769 2266 qui
797 2202 933 2247 non
962 2178 1364 2269 permittant
1407 2186 1485 2239 ut
1524 2175 1697 2241 alter
1725 2173 1799 2240 in
1844 2175 2139 2248 alterum
2179 2185 2406 2259 domi..

302 2280 460 2348 nari
488 2280 696 2363 velit,
733 2280 882 2363 sed,
925 2281 1135 2349 ficubi
1178 2282 1386 2349 talem
1431 2277 2040 2367 deprehenderint,
2083 2291 2402 2374 gmvisfi..

303 2406 504 2451 mum
535 2385 619 2451 de
648 2408 726 2452 eo
760 2384 1164 2474 supplicium
1192 2383 1506 2452 sumant?
1547 2382 1798 2465 Etiam,
1839 2381 2081 2477 inquit,
2107 2404 2188 2456 ut
2211 2395 2405 2461 arbi-

304 2497 490 2568 tror,
553 2488 768 2576 magis
808 2487 995 2554 omni
1035 2487 1113 2554 in
1157 2486 1432 2553 miseria
1474 2482 1895 2566 versabitur,
1956 2485 2402 2563 circumcirca

303 2590 665 2657 custoditus
714 2603 784 2658 et
831 2591 1054 2679 septus
1098 2588 1188 2657 ab
1216 2587 1535 2656 omnibus
1557 2586 1871 2658 inimicis.
1955 2588 2199 2659 Nonne
2234 2620 2398 2668 vero

300 2692 379 2759 in
412 2693 739 2760 eiusmodi
785 2717 1125 2761 carcerem
1156 2692 1454 2765 inclusus
1501 2690 1589 2755 est
1629 2699 1985 2776 tyrannm,
2031 2706 2278 2766 natura
2304 2703 2412 2773 ita.

300 2809 735 2885 comparatus
756 2807 837 2861 ut
867 2792 1320 2887 exposuimus,
1364 2790 1595 2860 inultis
1619 2789 1974 2878 omnisque
2001 2802 2270 2881 generis
2303 2806 2408 2870 ti..

301 2900 611 2968 moribus
641 2913 710 2965 et
741 2898 1089 2966 amoribus
1116 2896 1407 2987 plenus?
1452 2906 1520 2961 et
1546 2915 1760 2981 quum
1787 2894 2055 2981 ingenio
2083 2902 2164 2968 fit
2195 2906 2396 2973 avido

304 3014 380 3066 et
409 3004 705 3086 curioso,
749 3001 866 3067 soli
894 2997 1321 3067 ex·omnibus
1363 2998 1439 3063 in
1480 2996 1655 3062 urbe
1678 2995 2144 3086 habitantibus,
2169 3030 2394 3096 neque

299 3103 642 3192 proficisci
707 3127 993 3194 usquam
1042 3104 1202 3169 licet
1260 3120 1482 3185 neque
1553 3097 1877 3191 spectare·
1920 3106 2211 3190 quorum
2276 3131 2396 3175 re..

300 3205 470 3292 liqui
501 3206 996 3294 quoque‘liberi
1016 3205 1173 3270 sunt
1194 3202 1444 3292 cupidi,
1464 3199 1571 3264 sed
1598 3198 1868 3267 abditus
1900 3201 1975 3267 in
2005 3202 2209 3273 domo
2244 3212 2395 3298 ple-

300 3330 601 3396 rumque
631 3320 712 3375 ut
741 3310 990 3380 mulier
1014 3305 1204 3386 vivit,
1233 3302 1548 3371 invidens
1576 3303 1783 3369 etiam
1811 3302 2088 3391 reliquis
2112 3309 2392 3392 civibus,

300 3410 354 3475 fi
386 3412 534 3498 quis
559 3434 840 3501 peregre
869 3408 1322 3499 proficiscitur
1347 3418 1413 3472 et
1425 3404 1868 3495 pulchriquid
1895 3407 2163 3499 spectat.
2193 3411 2392 3477 Pror-

294 3513 416 3577 sus
443 3511 739 3601 quidem,
774 3514 1013 3604 inquit.

468 3717 720 3789 Nonne
748 3718 852 3786 his
885 3718 1081 3798 malis
1104 3718 1302 3808 plura
1329 3714 1620 3808 percipit
1644 3715 1759 3783 vir
1789 3709 2223 3800 tyrannicus,
2267 3718 2396 3804 qu'i

294 3823 474 3891 male
511 3823 605 3901 in,
633 3824 841 3889 semet
876 3821 1019 3911 ipso
1057 3821 1485 3904 constitutus,
1542 3840 1746 3905 quem
1779 3812 2054 3901 quidem.
2079 3825 2156 3880 tu
2182 3820 2389 3886 modo

292 3927 757 4016 miserrimum
782 3925 1125 3994 indicabas
1141 3976 1165 4011 ‚
1207 3945 1353 3992 non
1396 3922 1740 4013 privatam
1773 3915 1958 4036 degit
1982 3914 2191 4014 vitam
2206 3965 2232 4006 ,
2274 3919 2387 3986 sed

1829 4220 1970 4300 ΒΩ.
