2738 4600
1086 299 1604 371 TIMAEUS.
2271 309 2395 399 257

314 488 385 542 et
423 475 566 565 ipsa
614 471 877 542 nullum
928 469 1326 537 alimentum
1356 471 1496 540 iam
1541 475 1812 563 corpori
1850 479 2245 565 praebentia
2286 479 2397 548 fe-

312 591 561 646 runtur
595 578 669 644 in·
699 599 934 643 omnes
959 585 1179 663 partes
1200 597 1327 661 per
1358 597 1561 641 venas
1579 623 1597 654 ,
1646 579 1913 647 nullum
1926 582 2078 649 iam
2106 607 2398 650 conver-

314 685 569 748 fionum
601 693 891 748 naturae
926 677 1471 760 convenientium
1501 680 1812 747 ordinem
1838 687 2208 767 servantia,
2253 689 2398 755 ini-

313 786 487 851 mica
520 786 663 870 ipsa
692 783 870 848 inter
890 783 995 884 se3
1035 780 1194 867 quia
1225 781 1493 846 nullum
1533 781 1718 849 inter
1747 786 1817 848 se
1851 787 2043 853 usum
2071 788 2394 861 afferunt.

312 887 682 976 compactis
708 908 871 952 vero
899 882 1202 972 corporis
1241 883 1551 972 partibus
1579 896 1644 950 et
1678 890 2169 956 manentibus
2147 916 2221 959 lu
2244 897 2394 961 loco

311 992 583 1064 infesta,
639 986 990 1077 perdentia
1036 996 1103 1050 et
1141 987 1496 1074 liquantia.
1552 1000 1882 1074 quantum
1928 992 2195 1079 quidem
2241 1019 2397 1062 ear-

313 1096 424 1159 nis
466 1089 870 1158 vetustissimi
913 1087 1248 1176 liquatur,
1291 1088 1361 1154 id
1401 1102 1721 1158 concoctu
1767 1092 2033 1161 difficile
2076 1095 2156 1162 fit
2188 1108 2252 1163 et
2285 1099 2397 1163 ni-

313 1195 554 1283 grescit
575 1206 857 1282 propter
889 1203 1189 1257 veterem
1220 1192 1671 1277 exustionem3
1714 1196 1866 1283 quia
1890 1211 2075 1264 ‘vero
2112 1199 2396 1287 penitus

313 1300 627 1389 peresum
664 1296 792 1377 est,
838 1316 1149 1362 amarum
1192 1294 1259 1358 se
1294 1294 1574 1361 exhibet
1608 1299 2056 1389 omnibusque
2095 1301 2397 1388 corporis

309 1402 621 1492 partibus
675 1398 982 1465 nondum
1037 1396 1374 1484 corruptis
1431 1397 1935 1468 incommodum
1987 1404 2244 1474 accidit.
2318 1415 2390 1470 et

314 1503 519 1571 modo
549 1524 677 1591 pro
722 1497 1175 1565 amaritudine
1206 1498 1638 1569 acerbitatem
1668 1504 1910 1591 accipit
1947 1506 2137 1590 niger
2184 1509 2395 1588 color,

314 1606 526 1691 magis
552 1614 900 1669 attenuato
932 1624 1200 1683 amaro,
1244 1601 1450 1667 modo
1494 1604 1876 1671 amaritudo
1912 1607 2230 1693 sanguine
2257 1607 2397 1672 tin-

317 1721 429 1775 cta
468 1707 763 1773 colorem
796 1703 1200 1777 nanciscitur
1243 1704 1634 1771 rubriorem
1677 1719 1785 1788 et,
1828 1709 2022 1796 nigro
2066 1731 2219 1773 cum
2268 1710 2398 1775 hoc

319 1819 731 1897 temperato,
778 1807 894 1874 bili
925 1806 1242 1886 similem3
1287 1819 1631 1896 praeterea
1659 1808 1874 1875 flavus
1915 1796 2186 1898 quoque
2212 1811 2400 1876 color

261 1941 266 1944 ·
318 1911 790 1980 commiscetur
817 1932 971 1976 oum
1001 1909 1474 1989 amaritudine,
1505 1912 1775 1997 quando
1810 1935 2045 1978 recens
2072 1936 2228 1978 caro
2258 1914 2399 1978 col-

316 2016 683 2102 liquefacta
714 2014 803 2078 est
836 2011 920 2078 ab
948 2011 1118 2098 ignia
1149 2011 1426 2078 flamma
1465 2025 1532 2077 et
1567 2036 1927 2087 commune
1954 2014 2056 2078 his
2085 2014 2400 2080 omnibus

316 2140 571 2185 nomen
603 2116 750 2183 bilis
778 2117 891 2184 vel
920 2114 1168 2181 medici
1209 2114 1413 2201 aliqui
1444 2112 1905 2200 imposuerunt
1928 2117 2037 2181 vel
2063 2115 2398 2203 quispiam
2443 2116 2450 2122 ’

319 2221 431 2308 qui
458 2218 677 2310 potuit
704 2221 919 2285 multa
950 2229 1017 2283 et
1041 2214 1373 2284 disfimilia
1411 2218 1788 2305 perspicere
1818 2240 2170 2306 unumque
2192 2218 2266 2282 in
2291 2218 2398 2284 his
2465 2235 2469 2240 ’

283 2345 523 2414 ‘genus
572 2325 803 2391 videre
864 2322 1145 2407 dignum
1196 2344 1236 2386 a
1284 2342 1419 2405 quo
1477 2321 1708 2386 omnia
1752 2321 2398 2407 denominarentur3

316 2430 618 2515 reliquae
652 2438 878 2493 autem
919 2447 1096 2512 quae
1145 2423 1296 2491 bilis
1340 2422 1588 2511 species
1630 2421 1982 2507 dicuntur,
2025 2424 2397 2490 secun-dum

320 2533 608 2595 colorem
652 2528 1001 2616 propriam
1046 2547 1351 2613 quaeque
1396 2525 1731 2603 rationem
1776 2526 2047 2594 habent.
2121 2529 2206 2592 de
2249 2527 2396 2592 sero

321 2644 549 2698 autem
568 2679 610 2713 ,x
631 2629 967 2715 sanguinis
996 2627 1265 2716 quidem
1304 2626 1554 2693 humor
1587 2627 1767 2694 mitis
1801 2633 1889 2695 est
1910 2679 1930 2712 ,
1972 2633 2204 2716 nigrae
2235 2653 2398 2699 vero

319 2732 475 2798 bilis
529 2742 596 2796 et
633 2731 861 2796 acidae
903 2730 1125 2803 ferus,
1185 2751 1393 2815 quum
1437 2742 1719 2818 propter
1766 2735 2063 2800 calorem
2118 2732 2400 2797 commi-

317 2839 543 2902 scetur
577 2857 734 2899 cum
766 2832 842 2898 vi
894 2832 1052 2897 salsa
1066 2855 1089 2911 3
1163 2842 1446 2895 vocatur
1494 2844 1720 2900 autem
1761 2835 1873 2901 hic
1915 2837 2107 2905 acida
2133 2835 2398 2924 pituita.

319 2938 384 3003 id
432 2960 645 3027 porro
689 2935 866 3021 quod
931 2957 1088 3000 cum
1134 2935 1298 3015 aiirev
1335 2934 1636 3021 liquescit
1680 2959 1717 3000 e
1745 2950 2016 3004 recente
2059 2953 2127 3003 et
2161 2951 2400 3003 tenera

317 3062 555 3121 carne,
618 3059 830 3126 quum
883 3036 1191 3104 inflatum
1247 3041 1336 3103 est
1391 3061 1665 3125 unaque
1707 3039 2269 3135 comprehensum
2314 3037 2399 3102 ab

315 3145 642 3216 humore,
688 3142 779 3207 ita
815 3152 887 3206 ut
921 3140 1143 3205 bullae
1177 3141 1552 3207 coalescant
1577 3160 1667 3205 ex
1713 3142 1842 3209 hac
1887 3139 2244 3208 affectione
2267 3140 2401 3203 sin-

314 3246 599 3334 galatim
644 3244 919 3328 quidem
960 3241 1079 3307 sub
1130 3244 1521 3331 adspectum
1566 3263 1705 3306 non
1755 3243 2065 3309 cadentes
2116 3252 2400 3329 propter

316 3349 759 3437 parvitatem,
819 3346 1012 3410 fimul
1051 3367 1217 3410 vero
1263 3364 1497 3406 omnes
1548 3343 1797 3411 molem
1832 3344 2232 3410 exhibentes
2276 3341 2402 3404 ad-

319 3449 775 3540 spectabilem,
798 3460 865 3512 et
892 3448 1191 3512 colorem
1213 3444 1533 3510 habentes
1558 3457 1834 3531 propter
1851 3450 2154 3557 spumam
2185 3441 2401 3511 orien-

317 3566 460 3619 tem
490 3551 720 3617 album
751 3549 1090 3666 adspectu,
1120 3550 1298 3617 hanc
1329 3570 1602 3612 omnem
1640 3558 1907 3612 tenerae
1939 3568 2052 3610 cai
2057 3543 2155 3607 nis
2183 3544 2400 3629 lique-

315 3656 551 3722 scentis
579 3665 646 3719 et
671 3674 827 3718 cum
853 3653 1008 3719 aeLie
1031 3673 1385 3718 connexae
1415 3648 1839 3714 affectionem
1868 3648 2090 3712 albam
2119 3644 2403 3715 dicimus

316 3758 640 3848 pituitam
686 3759 831 3820 effe.
899 3755 1188 3843 pituitae
1234 3767 1461 3821 autem
1510 3760 1740 3817 recens
1789 3747 2117 3814 conflatae
2157 3747 2403 3814 humor

320 3863 410 3926 est
443 3859 648 3926 sudor
689 3868 757 3922 et
798 3860 1106 3945 lacryma
1139 3867 1207 3922 et
1247 3869 1712 3942 quaecumque
1761 3851 1891 3918 alia
1936 3871 2180 3938 corpus
2227 3873 2404 3938 quo·

319 3963 483 4030 tidie
510 3963 576 4027 se
611 3981 909 4051 purgans
952 3956 1195 4027 fundit
1256 3968 1324 4022 et
1354 3957 1521 4021 haec
1553 3953 1827 4040 quidem
1861 3950 2092 4019 omnia
2121 3976 2270 4043 mor
2279 3954 2399 4020 bo-

408 4170 581 4232 Tom.
636 4166 717 4233 V.
987 4138 994 4141 μ
1267 4218 1273 4225 .
1353 4138 1356 4141 Α
1929 4158 1988 4225 R
