2738 4600
1016 341 1470 414 PoLtTIA
1535 347 1632 418 xa
2255 382 2369 448 -97

212 598 219 602 ⁴
276 516 778 612 prehendentes
806 515 1187 599 duxerunt,
1229 517 1607 585 Aridaeum
1643 541 1808 588 vero
1841 521 2142 616 aliosque
2169 531 2374 598 eolli-

275 625 444 712 gatis
473 635 541 688 et
554 620 880 691 manibus
910 631 976 685 et
999 612 1278 707 pediBhs
1309 632 1378 685 et
1399 621 1616 708 eapite
1637 627 1995 713 prostratos
2024 643 2094 696 et
2124 655 2369 702 excar-

273 726 576 796 nificatos
614 733 975 791 traxerunt
994 721 1187 787 iuxta
1212 722 1400 789 viam
1430 720 1618 791 foras
1643 728 1848 815 super
1872 730 2078 816 spinis
2099 736 2371 806 lanian..

271 842 393 911 tes,
424 842 495 895 et
523 828 769 914 cuique
798 825 1259 914 praetereunti
1286 825 1731 913 fignificantea
1757 851 1966 915 quam
1984 833 2070 898 ob
2101 840 2367 909 oausam

268 935 372 1002 illi
397 935 573 1015 haee
596 941 1019 1020 paterentur,
1052 949 1303 1014 eosque
1325 929 1571 996 abduci
1598 943 1678 997 ut
1700 922 1777 997 in
1794 933 2177 1003 ‘rm-mum.
2195 962 2367 1007 eon-

271 1037 676 1108 iicerentur‚
710 1032 865 1113 ubi,
896 1050 1112 1119 quum
1138 1033 1386 1116 multi,
1434 1033 1708 1122 inquit,
1734 1034 2047 1124 variique
2073 1050 2367 1113 terrores

279 1137 879 1215 eisriniicerentun
924 1135 1108 1201 hune
1133 1147 1360 1209 tamen
1377 1148 1710 1205 terrorem
1737 1160 1820 1203 ae
1855 1150 2119 1208 metum
2157 1146 2368 1233 supe..

158 1298 165 1303 .
275 1265 430 1310 rare
472 1264 709 1309 omnes
731 1286 752 1322 ,
794 1263 883 1304 ne
913 1238 1225 1304 fremitus
1260 1238 1616 1321 ederetur,
1662 1242 1934 1328 quando
1973 1243 2359 1317 adscensuri

274 1349 514 1428 esseut,
561 1357 633 1410 et
660 1341 1087 1410 libentisfime
1128 1362 1471 1428 quemque
1504 1343 1624 1411 illo
1653 1344 1888 1410 filente
1934 1347 2362 1420 adscendere.

272 1471 350 1515 ae
375 1470 628 1537 poenas
656 1445 936 1530 quidem
961 1455 1029 1508 et
1060 1444 1380 1532 supplicia
1408 1444 1573 1511 haec
1610 1443 1759 1512 fere
1800 1451 1967 1532 effe,
2010 1463 2218 1538 atque
2256 1468 2368 1522 et..

268 1551 406 1618 iam
443 1547 770 1615 beneficia
797 1545 898 1610 his
923 1545 1417 1633 respondentia·
1458 1569 1670 1632 quum
1698 1562 1934 1623 autem
1976 1553 2253 1647 quisque
2291 1557 2366 1625 in

271 1673 518 1740 campo
547 1653 794 1736 septem
832 1648 973 1714 dies
998 1649 1422 1732 traduxisset,
1468 1651 1885 1738 surgentibus
1924 1653 2087 1722 hine
2121 1670 2365 1728 oetawo

269 1756 383 1823 die
408 1752 967 1843 proficiscendum
999 1749 1236 1831 fuisse,
1282 1766 1349 1818 et
1369 1753 1623 1818 veniffe
1646 1755 2055 1840 quatriduo
2034 1782 2107 1826 111
2138 1763 2368 1833 locum

266 1857 457 1924 unde
479 1855 932 1944 spectaverint
964 1851 1254 1940 desuper
1272 1877 1406 1942 per
1445 1866 1668 1920 totum
1707 1860 1971 1927 caelum
2003 1875 2074 1933 et
2111 1876 2365 1933 terram

218 1986 227 1991 ’
269 1961 622 2036 extensum
666 1959 906 2024 lumen
962 1954 1295 2021 directum
1351 1953 1559 2023 instar
1620 1960 2011 2076 columnae,
2066 1963 2367 2037 maxime

262 2063 475 2131 Iridis
506 2061 747 2141 fimile,
791 2056 1199 2146 splendidius
1245 2081 1410 2127 vero
1449 2083 1528 2126 ae
1552 2061 1829 2150 purim,
1875 2065 1958 2135 ad
2010 2071 2189 2157 quod
2239 2095 2369 2143 ve·-

269 2166 440 2234 niffe
475 2185 688 2249 quum
720 2160 902 2227 viam
944 2158 1366 2235 confeciffent
1404 2163 1603 2230 unius
1648 2165 1817 2247 diei,
1862 2167 2098 2263 ibique
2139 2176 2367 2245 vidiffe

265 2268 550 2338 medio
524 2290 599 2334 m
641 2263 904 2332 lumine
929 2264 1385 2334 extremitates
1429 2265 1593 2334 caeli
1625 2268 2067 2342 vinculorum
2109 2300 2198 2348 ex
2249 2280 2365 2348 illo

254 2373 659 2459 ·suspensas;
694 2372 858 2435 effe
902 2367 1089 2434 enim
1143 2367 1276 2434 hoe
1329 2372 1600 2438 lumen
1629 2374 2128 2461 colligationem
2199 2382 2367 2452 caeli

265 2497 477 2562 quae,
523 2471 712 2552 sicuti
742 2471 1007 2558 cingula
1033 2470 1459 2554 triremium,
1501 2473 1595 2544 ita
1621 2477 2032 2551 universum
2065 2484 2364 2554 eontine-

264 2588 377 2667 ret
427 2577 809 2666 circuitum.
871 2594 958 2644 ex
997 2572 1133 2637 illis
1180 2593 1341 2637 vero
1383 2578 2363 2672 extremitatibus-suspensum

267 2683 402 2745 effe
427 2674 832 2745 Necesfitatis
870 2674 1139 2755 fusum,
1182 2696 1311 2760 per
1347 2673 1549 2760 quem
1595 2704 1832 2750 omnes
1879 2699 2365 2758 converteren-

265 2794 383 2848 tur
409 2780 770 2860 c1rcuitus;
823 2776 1098 2863 eiusque
1129 2778 1402 2865 scapum
1430 2792 1495 2845 et
1524 2781 1834 2865 hamum·
1863 2793 1990 2856 esse
2031 2792 2359 2862 adaman-

265 2885 519 2965 tinum,
536 2881 952 2950 verticillum
992 2902 1158 2945 vero
1190 2885 1626 2972 compositum
1657 2911 1742 2953 ex
1767 2889 1898 2957 hoc
1929 2893 2208 2982 aliisque
2237 2917 2363 2982 ge—

265 2988 561 3055 neribus.
606 2984 922 3053 verticilli
963 2995 1187 3050 autem
1222 2998 1540 3054 naturam
1571 2994 1698 3058 esse
1726 2991 1909 3072 hanc,
1933 3007 2026 3068 ,ut
2068 2998 2360 3086 speeiem
2443 3034 2446 3036 ·

264 3093 540 3178 quidem
575 3090 785 3156 talem
823 3087 1102 3154 haberet
1132 3089 1399 3174 qualem
1430 3088 1544 3158 hic
1567 3094 1750 3178 apud
1780 3116 1943 3181 nos,
1985 3120 2076 3164 ex
2115 3101 2199 3167 iis
2233 3123 2361 3170 au-

263 3201 402 3261 tem
433 3217 608 3282 quae
637 3190 871 3260 retulit
901 3190 1290 3274 cogitandus
1335 3193 1424 3258 est
1451 3192 1738 3281 perinde
1774 3199 1843 3261 se
1873 3198 2159 3283 habere,
2204 3225 2282 3272 ac
2310 3204 2358 3270 fi

262 3297 387 3364 uni
421 3319 670 3382 magno
721 3294 1057 3368 verticillo
1106 3293 1301 3379 eique
1335 3317 1505 3360 cavo
1560 3308 1629 3361 et
1683 3302 2024 3390 exsculpto
2085 3303 2357 3389 penitus

263 3398 437 3463 alius
466 3397 853 3466 huiusmodi
880 3397 1110 3463 minor
1135 3397 1431 3464 insertus
1469 3400 1547 3464 fit
1571 3422 1982 3489 congruens,
2024 3398 2358 3488 quemad-

261 3498 554 3566 modum
599 3500 745 3563 cadi
772 3500 950 3564 inte1
985 3503 1052 3563 se
1091 3502 1531 3584 quadiantes3
1575 3517 1642 3569 et
1680 3504 1776 3571 ita
1808 3507 2045 3580 tertius
2084 3503 2256 3576 alius
2287 3514 2357 3570 et

262 3612 550 3689 quartus
579 3598 828 3684 aliique
869 3612 1221 3687 quattuor3
1266 3616 1423 3669 octo
1456 3607 1639 3673 enim
1671 3613 1796 3674 effe
1835 3606 2192 3700 universos
2183 3628 2352 3674 vei-

260 3703 544 3784 tioium,
589 3702 769 3767 inter
795 3704 861 3766 se
885 3701 1207 3779 insertos,
1252 3705 1448 3773 orbes
1472 3710 1765 3796 superne
1792 3706 1970 3773 labia
1995 3687 2354 3798 ostenden-‚-

261 3816 380 3888 tes,
392 3806 672 3874 dorsum
703 3807 1099 3872 continuum
1127 3807 1329 3872 unius
1355 3809 1670 3875 verticilli
1701 3806 2068 3876 efficiente-a
2092 3811 2349 3888 circum

261 3909 568 4000 scapum,
613 3908 802 3977 hunc
831 3921 1062 4004 autem
1090 3932 1214 4000 per
1241 3919 1465 3990 totum
1503 3909 1807 3988 medium
1842 3920 2156 3986 octavum
2187 3941 2351 4010 per-

301 4205 521 4289 ⁴Tom.
573 4221 655 4290 V.
1869 4199 1962 4287 G
