2738 4600
1106 334 1606 403 TIMAEUS.
2263 352 2389 421 27‘7

314 527 506 594 gores
548 504 753 572 iniicit
814 515 1154 571 extremos
1203 506 1605 595 morbosque
1668 504 1888 573 varios
1951 505 2116 573 alios
2163 502 2386 580 affert,

317 611 482 675 dum
534 608 893 695 utriusque
954 605 1282 694 cupiditas
1336 619 1405 672 et
1448 632 1681 684 amor,
1743 611 2005 676 educto·
2037 619 2385 694 tamquam

315 734 407 777 ex
444 710 797 790 arboribus
835 709 1073 801 fructu
1125 721 1195 776 et
1240 710 1480 775 deinde
1513 711 1866 799 decerpto,
1924 711 2118 776 vel-ut
2155 709 2229 775 in
2270 731 2388 773 ar-

314 837 482 879 vum
513 814 586 878 in
616 813 964 879 matricem
1011 813 1326 878 animalia
1374 825 1661 900 propter
1706 810 2110 903 parvitatem
2148 812 2385 877 oculo-

313 940 472 982 rum
502 917 814 982 obtutum
843 915 1226 1003 effugientia
1263 916 1547 982 necdum
1580 915 1873 982 formata
1911 915 2207 982 inserant
2234 928 2386 978 rur:

317 1020 560 1104 susque
592 1042 668 1083 ea
695 1020 945 1085 secreta
963 1019 1160 1084 ‘intus
1188 1018 1528 1084 enutriant
1559 1042 1802 1107 magna
1829 1031 1894 1084 et
1918 1018 2139 1106 postea
2172 1016 2245 1079 in
2273 1015 2387 1082 lu-

315 1134 461 1186 cem
503 1121 772 1186 edentes
806 1120 1257 1188 animantium
1288 1121 1637 1188 absolvant
1677 1120 2194 1207 generationem.
2285 1117 2391 1210 Ac,
2482 1107 2495 1118 ¹

311 1222 602 1290 feminae
628 1223 902 1309 quidem
930 1245 1263 1309 omneque
1293 1221 1725 1288 muliebreita
1741 1233 1902 1288 nata
1927 1223 2122 1301 funt3
2159 1221 2383 1286 avium

311 1336 536 1391 autem
567 1347 728 1410 gens
761 1325 1053 1414 formata
1095 1327 1224 1404 est,
1272 1324 1427 1410 pilis
1453 1323 1525 1388 in
1566 1348 1824 1412 pennas
1854 1323 2161 1405 mutatis,
2206 1347 2244 1389 e
2274 1324 2387 1388 vi-

311 1427 403 1491 ris
427 1428 611 1492 haud
661 1426 861 1492 malis
891 1428 1197 1510 quidem,
1240 1428 1352 1491 sed
1378 1425 1677 1506 levibus,
1724 1428 1807 1489 de
1834 1426 2036 1491 rebus
2079 1425 2386 1492 sublimi-

213 1589 219 1596 .
310 1530 436 1595 bus
468 1528 739 1616 quidem
772 1529 1309 1617 disputantibus,
1353 1529 1462 1592 sed
1499 1527 1981 1593 arbitrantibus
2026 1551 2190 1617 prae
2221 1530 2386 1594 fim-

310 1631 609 1719 plicitate
649 1630 1238 1698 demonstrationes
1286 1631 1535 1697 harum
1582 1652 1818 1718 rerum
1861 1652 2034 1714 quae
2080 1631 2225 1696 visu
2273 1631 2387 1698 ni-

317 1743 552 1796 tantur
579 1737 704 1797 effe
727 1732 1146 1800 firmiffimas.
1182 1733 1480 1822 pedestre
1507 1745 1733 1797 autem
1766 1743 1834 1795 et
1859 1730 2153 1798 ferinum
2176 1756 2384 1820 gemas

313 1846 546 1900 natum
569 1837 656 1899 est
684 1857 767 1899 ex
793 1836 874 1900 iis
901 1836 1017 1920 qui
1045 1837 1239 1901 nullo
1268 1836 1470 1900 modo
1501 1833 1991 1922 philosophiam
2021 1836 2391 1922 attigerunt.

311 1959 440 2002 nec
491 1957 728 2002 rerum
773 1937 1145 2002 caelestium
1209 1939 1568 2024 quicquam
1614 1939 2160 2025 conspexerunt,
2234 1938 2389 2026 quia

314 2063 454 2105 non
500 2039 1045 2104 conversionibus
1065 2061 1252 2125 ‚quae
1279 2040 1347 2105 in
1383 2040 1599 2126 capite
1642 2041 1795 2105 funt
1836 2040 2231 2123 utebantur,
2275 2039 2385 2104 sed

315 2141 523 2208 animi
555 2152 778 2230 partes
810 2142 879 2205 in
902 2154 1170 2228 pectore
1197 2143 1442 2210 locatas
1464 2142 1915 2230 sequebantur
1951 2142 2183 2209 duces·
2230 2143 2390 2231 qui-

314 2242 738 2330 bus‘qu'idem
780 2243 1003 2310 studiis
1045 2242 1296 2312 sactum
1348 2249 1435 2312 est
1477 2258 1555 2311 ut
1604 2245 1946 2312 anteriora
1992 2247 2298 2314 membra
2324 2258 2390 2312 et
2432 2261 2441 2264 “

313 2347 529 2435 capita
601 2349 674 2413 in
736 2360 991 2415 terram
1075 2348 1507 2414 detraherent
1564 2362 1849 2436 propter
1919 2350 2387 2435 cognationem

310 2453 383 2517 in
430 2473 640 2536 eaque
685 2448 1095 2535 defigerent,
1160 2463 1226 2515 et
1270 2450 1591 2534 oblongos
1660 2451 2020 2535 variosque
2060 2450 2392 2517 haberent

314 2551 633 2631 vei-tices,
680 2551 798 2615 ubi
828 2550 1149 2616 circuitus
1195 2551 1519 2637 cuipsque
1560 2572 1725 2636 prae
1767 2550 2037 2636 segnitia
2064 2552 2392 2618 constricti

245 2703 251 2708 .
317 2663 526 2718 erant.
558 2651 1075 2738 quadrupedum
1109 2652 1310 2738 igitur
1338 2664 1406 2717 et
1434 2651 1880 2739 multipedam
1909 2673 2120 2738 genus
2150 2651 2275 2717 hac
2305 2676 2391 2719 ex

316 2757 507 2820 causa
540 2765 766 2817 ortum
796 2755 919 2832 est,
964 2753 1090 2818 deo
1121 2754 1320 2844 pedes
1348 2753 1735 2819 subiiciente
1778 2756 2006 2843 plures
2033 2754 2243 2842 magis
2275 2755 2391 2822 in-

310 2856 733 2948 fipientibuS‚
779 2855 1156 2942 quo‘magis
1199 2856 1286 2935 ad
1326 2869 1579 2922 terram
1621 2858 2077 2923 traherentur.
2120 2858 2390 2949 impru-

311 2957 704 3028 'dentissimis
732 2978 899 3024 vero
931 2958 1506 3047 horum*ipsorum
1557 2960 1960 3048 prorsusque
2006 2961 2088 3025 ad
2132 2974 2388 3029 terram

313 3074 534 3130 totum
575 3085 815 3150 corpus
842 3061 1297 3127 deficientibus
1343 3060 1499 3150 quia
1543 3058 1714 3127 nulli
1748 3060 1886 3127 iam
1933 3063 2083 3151 usui
2118 3063 2389 3130 fuissent

315 3168 518 3253 pedes
535 3211 559 3242 ,
599 3164 879 3253 pedibus
905 3187 981 3230 ea
1000 3165 1306 3230 carentia
1339 3176 1408 3228 et
1433 3163 1506 3227 in
1538 3174 1718 3229 terra
1744 3165 2053 3253 repentia
2078 3188 2387 3253 procrea·

312 3277 585 3334 verunt.
642 3281 956 3353 quartum
996 3279 1213 3333 autem
1245 3273 1455 3351 genus
1485 3265 1778 3352 aquatile
1817 3260 2061 3333 'exstitit
2088 3291 2126 3331 e
2161 3266 2385 3334 maxi-

313 3396 427 3438 me
476 3370 1005 3458 insipientifflmis
1047 3382 1115 3433 et
1150 3366 1693 3454 imperitisfimis,
1756 3390 1921 3455 quos
1959 3360 2384 3458 ne⁰respira-

310 3474 498 3538 tione
547 3472 818 3555 quidem
859 3495 1032 3561 pura
1091 3471 1325 3557 dignos
1383 3468 1518 3536 iam
1576 3469 2041 3536 existimarunt
2089 3471 2382 3555 fictores,

314 3577 471 3665 quia
488 3574 794 3655 animum
831 3574 1167 3641 habebant
1192 3572 1384 3637 omni
1411 3570 1709 3689 nequitia
1741 3574 2223 3685 pollutum‚sed
2255 3597 2380 3662 pro

311 3677 501 3743 tenui
546 3687 611 3741 et
651 3696 824 3766 pura
860 3678 1035 3744 aeris
1076 3676 1518 3764 respiratione
1559 3676 1632 3741 in
1680 3696 1894 3761 aquae
1908 3675 2375 3741 detruserunt

312 3779 654 3847 turbidam
696 3803 771 3844 ac
805 3779 1214 3867 profundam
1257 3779 1809 3867 respirationem3
1867 3777 2045 3842 unde
2094 3777 2376 3864 piscium

312 3906 469 3970 gens
498 3893 566 3950 et
595 3873 839 3948 ostrea1
845 3904 955 3948 um
988 3885 1436 3975 omniumque
1476 3902 1646 3968 quae
1673 3878 1992 3966 aquatilia
2016 3891 2172 3945 nata
2199 3880 2375 3962 sunt,
