2738 4600
1146 353 1599 429 POLITIA
1648 356 1778 427 lx.
2381 360 2467 427 15

372 526 681 598 verimus
707 520 913 618 atque
947 525 1480 618 inspexerimus,
1521 541 1671 598 tum
1699 528 2097 599 sententiam
2141 531 2465 602 dicamus.

373 634 592 714 Recte,
641 631 904 718 inquit,
950 634 1317 716 admones3
1360 647 1433 700 et
1460 633 1889 724 perspicuum
1918 635 2168 725 cuique
2199 634 2469 701 civitate

368 734 651 826 tyranni
698 733 988 824 imperio
1032 735 1336 803 subiecta
1389 737 1652 805 nullam
1693 741 1823 803 effe
1867 737 2329 816 miseriorem,
2384 759 2467 804 ea

365 862 532 908 vero
567 861 746 926 quae
774 863 816 904 a
847 861 1007 927 rege
1036 838 1468 927 gubernetur
1494 839 1758 906 nullam
1799 839 2188 908 beatiorem·
2275 839 2463 907 Num

365 967 564 1025 vero,
605 944 911 1031 inquam,
955 944 1160 1010 etiam
1190 942 1275 1008 de
1307 942 1470 1010 viris
1500 941 1677 1009 idem
1715 943 1765 1007 fi
1813 944 2237 1010 admonuero
2279 955 2467 1011 recte

371 1047 828 1126 admonuero,
872 1046 1284 1114 contendens
1327 1044 1531 1112 huius
1577 1051 1704 1113 effe
1734 1046 1975 1132 deillis
2011 1046 2312 1114 iudicare
2346 1045 2468 1134 qui

369 1146 776 1235 cogitatione
807 1150 1004 1239 poffit
1031 1150 1107 1216 in
1138 1149 1275 1216 viri
1297 1146 1650 1232 ingenium
1675 1148 1938 1215 intrans
1968 1146 2296 1237 dispicere
2317 1171 2466 1230 nec,

247 1270 267 1305 4
367 1255 566 1322 ficuti
597 1276 808 1344 puer,
859 1251 1279 1318 extrinsecus
1318 1252 1627 1339 spectans
1651 1251 2095 1340 perturbetur
2122 1263 2471 1340 tyranno«-

367 1380 529 1426 rum
560 1364 897 1446 apparatu
940 1375 1076 1442 quo
1118 1355 1258 1420 sese
1305 1375 1465 1442 erga
1506 1365 1775 1422 exteros
1819 1370 2105 1431 ornant,
2157 1355 2272 1420 sed
2306 1355 2471 1421 satis

368 1460 785 1551 perspiciat?
843 1457 984 1524 iam
1028 1460 1077 1521 fi
1122 1459 1433 1525 censeam
1477 1457 1670 1525 illum
1713 1469 2036 1547 oportere
2063 1453 2189 1523 nos'
2225 1479 2470 1529 omnen

362 1563 645 1645 audire,
688 1558 807 1649 qui
830 1560 1025 1649 posfit
1052 1560 1391 1642 iudicare,
1434 1562 1691 1652 quippe
1718 1561 1836 1649 qui
1863 1584 2020 1628 cum
2050 1561 2168 1629 illo
2196 1560 2472 1627 habita-

370 1665 564 1743 ‘verit
595 1674 661 1730 et
695 1675 837 1730 tam
865 1666 1242 1733 actionibus
1272 1663 1671 1732 interfuerit
1700 1664 2115 1745 domesticis,
2164 1686 2469 1750 quomo·-

373 1768 463 1834 do
495 1766 815 1835 adversus
849 1766 1218 1836 familiares
1250 1789 1324 1833 se
1351 1778 1580 1853 gerat,
1623 1766 1699 1831 in
1734 1767 1976 1855 quibus
2009 1766 2290 1854 quidem
2315 1777 2475 1832 mad

368 1871 563 1938 xime
597 1893 640 1936 a
684 1869 939 1955 tragica
987 1885 1245 1957 pompa
1290 1869 1516 1934 nudus
1549 1867 1982 1954 conspicitur,
2041 1890 2251 1954 quam
2280 1867 2476 1956 peri-

371 1970 544 2039 culis
585 1970 911 2060 publicis,
957 1981 1025 2035 et
1064 1969 1236 2036 haec
1259 1968 1494 2035 omnia
1527 1989 1745 2056 quum
1784 1967 2033 2036 viderit
2058 1969 2332 2037 iubeam
2363 1992 2475 2036 re-

306 2124 313 2129 ·
370 2073 748 2155 nunciare,
791 2075 1135 2160 quomodo
1161 2072 1229 2137 se
1271 2070 1517 2138 habeat
1554 2070 1836 2162 tyranni
1868 2069 2150 2140 felicitas
2178 2086 2246 2139 et
2275 2074 2471 2141 mise·
2567 2140 2575 2145 ,

373 2177 482 2247 ria
513 2196 670 2241 cum
702 2172 1539 2261 reliquorum·conditione
1571 2174 1865 2241 collata?
1889 2172 2312 2260 Rectissime,
2353 2176 2472 2252 in-·‚

370 2280 563 2369 quit,
608 2277 814 2346 etiam
859 2277 1029 2344 haec
1066 2275 1523 2344 admonueris.
1612 2276 1823 2348 Visne
1861 2278 2112 2368 igitur,
2156 2281 2472 2369 inquam,

367 2384 707 2471 fingamus
742 2403 867 2450 nos
900 2384 1027 2448 esse
1049 2380 1123 2446 in
1155 2402 1397 2446 eornm
1424 2402 1718 2448 numero
1750 2383 1873 2469 qui
1896 2385 2142 2473 possint
2166 2385 2472 2450 iudicare

371 2499 445 2553 et
467 2483 824 2552 inciderint
851 2483 991 2549 iam
1030 2484 1104 2550 in
1133 2482 1337 2565 tales,
1384 2494 1459 2549 ut
1498 2483 1869 2552 habeamus
1898 2488 2020 2574 qui
2064 2487 2473 2575 respondeat

369 2588 462 2660 ad
489 2612 566 2655 ea
597 2609 772 2674 quae
802 2585 1294 2673 interrogamus
1324 2588 1350 2652 2
1394 2586 1571 2654 Sane
1607 2587 1906 2671 quidem.

545 2691 880 2779 Agedum,
898 2686 1196 2773 inquam,
1224 2688 1318 2757 ita
1342 2688 1515 2755 mihi
1540 2690 1921 2758 considera:
1965 2694 2473 2763 fimilitudinem

370 2793 763 2867 recordatus
791 2790 1084 2856 civitatis
1111 2802 1182 2858 et
1215 2792 1353 2859 viri
1385 2792 1738 2881 utriusque
1776 2817 1897 2886 per
1921 2798 2000 2863 se·
2021 2799 2295 2889 spectati
2312 2820 2474 2865 con-

312 2925 329 2972 τ,
371 2899 700 2966 ditionem
731 2916 1060 2961 memora.
1148 2893 1498 2982 Qualem?
1539 2897 1777 2983 inquit.
1866 2897 1959 2966 Ut
1997 2902 2326 2989 primum,
2367 2902 2475 2967 in.

375 3024 607 3089 qnam,
652 2999 737 3065 de
770 2991 942 3062 urbe
970 2997 1354 3084 loquamur,
1398 2997 1683 3065 liberam
1711 3023 1800 3067 an
1830 3002 2098 3069 servam
2124 3002 2301 3068 dices
2316 3024 2473 3069 eam

375 3126 554 3191 quae
581 3114 881 3191 tyranno
913 3097 1162 3186 paret?
1219 3099 1453 3188 Quam
1480 3101 1811 3185 maxime,
1860 3102 2117 3192 inquit,
2162 3104 2312 3171 fieri
2334 3127 2474 3195 po·-

372 3208 516 3289 test,
541 3207 832 3270 servam.
892 3201 1104 3290 Atqui
1131 3202 1325 3270 vides
1365 3203 1441 3269 in
1469 3225 1551 3269 ea
1581 3201 1891 3270 dominos
1919 3218 1987 3272 et
2018 3207 2296 3275 liberos·
2335 3206 2475 3276 Vi-

373 3309 527 3391 deo,
569 3306 815 3396 inquit,
862 3303 1190 3394 exiguum
1219 3305 1497 3394 quidem
1518 3328 1909 3391 numerum,
1952 3310 2471 3377 universitatem

373 3432 565 3492 vero,
595 3419 676 3475 ut
700 3410 797 3476 ita
825 3405 1072 3486 dicam,
1103 3408 1181 3475 in
1213 3431 1292 3474 ea
1311 3419 1379 3488 et
1421 3409 2025 3478 moderatiffimum
2058 3412 2312 3480 civium
2345 3429 2474 3494 ge·-⁸

374 3534 509 3578 nus
535 3510 973 3599 ignominiosa
1003 3523 1073 3577 et
1095 3511 1338 3580 misera
1372 3511 1695 3579 servitute
1725 3520 2051 3603 oppressa.
2095 3513 2233 3577 Iam
2251 3510 2323 3589 fi,
2349 3509 2474 3577 in·-

325 3635 629 3703 ⁶-quam,
668 3612 889 3680 smilis
928 3613 1044 3680 vir
1081 3616 1173 3682 est
1197 3614 1531 3696 civitatis,
1573 3635 1805 3682 nonne
1851 3615 2060 3681 etiam
2090 3612 2162 3678 in
2189 3611 2310 3677 illo
2336 3634 2472 3679 ne·-

371 3721 545 3786 ceffe
603 3717 697 3783 est
753 3715 1045 3783 eundem
1104 3716 1310 3786 ineffe
1365 3717 1715 3801 ordinem,
1788 3727 1855 3781 et
1914 3715 2136 3780 multa
2185 3714 2470 3804 quidem

370 3818 697 3890 torvitate
761 3829 963 3907 atque
1018 3818 1471 3888 illiberalitate
1541 3823 1827 3909 plenum
1897 3821 2024 3883 effe
2103 3820 2248 3886 eius
2320 3821 2472 3887 ani-.-
2533 3817 2538 3823 “

369 3925 602 4005 mum,
690 3935 762 3991 et
825 3946 936 3992 eas
988 3922 1204 4013 ipsius
1259 3936 1487 4013 partes
1539 3920 1820 4012 servire⁸
1861 3942 2034 4009 quae
2097 3925 2254 3992 sunt
2309 3948 2474 3991 moq

372 4024 864 4103 deratisfimae,
914 4026 1227 4114 exiguam
1278 4048 1446 4092 vero
1483 4046 1770 4111 eamque
1797 4022 2363 4114 improbissimam
2400 4033 2476 4087 et

370 4125 853 4197 insanissimam
882 4127 1274 4197 dominari?
1315 4128 1585 4197 Neceffe
1611 4129 1730 4208 est,
1786 4126 2031 4215 inquit,
2120 4126 2318 4212 Quid·
2336 4122 2472 4205 igi-
