2738 4600
1035 326 1651 407 POLITIA'IX.
2292 342 2378 418 51

284 523 663 599 utrumque
696 506 859 588 erit,
903 505 1102 576 dolor
1135 519 1205 576 et
1228 507 1567 600 voluptas.
1653 501 1871 579 Patet}¹
1932 500 2123 585 Num
2148 528 2382 587 autem

287 615 433 682 fieri
461 618 668 704 potest
697 625 781 679 ut
812 611 999 699 quod
1041 600 1365 679 neutrum
1409 615 1499 678 est
1545 611 1617 678 id
1655 625 2029 704 utrumque
2072 621 2383 690 exfistat?

278 719 428 789 Non
463 717 638 784 mihi
674 711 958 783 videtur.
1045 714 1192 782 Iam
1230 736 1401 781 vero
1460 715 1784 806 voluptas⁴
1811 718 1888 785 in
1924 719 2159 788 animo
2203 722 2381 796 exii-⁵3

271 823 441 888 flens
470 832 544 886 et
578 821 773 887 dolor
799 817 1134 885 motiones
1159 818 1489 917 quaedam
1515 819 1668 886 sunt
1680 842 1710 903 3·
1733 824 2009 888 nonne?
2051 825 2172 893 Ita.
2217 826 2382 895 sta-

267 935 378 991 tus
412 946 587 989 vero
616 923 690 989 in
724 943 862 1007 quo
888 943 1115 1008 neque
1141 919 1448 987 dolemus
1485 944 1712 1009 neque
1736 924 2111 1012 gaudemus
2142 952 2378 998 nonno
2458 950 2463 957 ’

266 1026 469 1112 quies
506 1037 573 1091 et
608 1025 871 1092 medius
908 1024 1189 1112 quidam
1234 1023 1421 1090 inter
1465 1024 1586 1093 illa
1625 1024 1835 1092 modo
1882 1042 2202 1119 repertus
2241 1037 2377 1102 est?
2409 1084 2416 1089 .

264 1130 380 1198 Est
416 1152 614 1200 vero.
712 1126 1079 1218 Quomodo
1127 1127 1337 1215 igitur
1387 1141 1657 1195 rectum
1718 1131 1808 1194 est
1853 1132 2284 1202 vacationem
2332 1157 2378 1207 a

265 1234 511 1300 dolore
538 1233 812 1299 suavem
846 1231 1232 1298 existimare
1269 1231 1385 1296 vel
1420 1229 1648 1319 gaudii
1682 1231 2133 1303 defectionem
2165 1261 2381 1317 ,acer-9

258 1337 483 1404 bam?
548 1336 750 1403 Nullo
792 1334 1022 1402 modo.
1105 1332 1261 1401 Non
1309 1336 1401 1399 est
1438 1332 1648 1421 igitur
1686 1334 1856 1420 hoe,
1913 1338 2024 1404 sed
2057 1341 2379 1426 ’videtur‚·

260 1446 587 1533 inquam,
643 1441 730 1509 ad
772 1437 1094 1506 acerbum
1142 1435 1442 1503 iucunda
1472 1448 1541 1502 et
1577 1436 1663 1502 ad
1709 1438 2086 1510 iucundum
2125 1448 2377 1517 acerba

259 1561 420 1616 tum
462 1538 653 1636 quies
673 1591 694 1625 ,
763 1541 1069 1627 nihilque
1125 1538 1381 1607 horum
1428 1541 1731 1609 visorum
1776 1546 2109 1612 fincerum
2155 1552 2246 1616 est
2281 1552 2375 1618 ad

258 1648 636 1739 voluptatis
664 1645 1044 1730 veritatem,
1087 1642 1203 1709 sed
1226 1641 1622 1733 praestigiae
1652 1649 2009 1732 quaedam.
2062 1649 2159 1715 Ut
2187 1664 2376 1719 certo

260 1751 512 1833 oratio,
536 1749 782 1840 inquit,
828 1748 1144 1813 declarat.
1224 1745 1399 1809 Vide
1426 1746 1589 1821 iam,
1632 1749 1939 1834 inquam,
1982 1753 2381 1842 voluptates

257 1878 442 1945 quae
477 1874 619 1921 non
647 1875 685 1917 e
709 1848 1064 1918 doloribus
1087 1846 1491 1935 gignuntur,
1524 1859 1605 1912 ut
1630 1868 1730 1913 ne>
1751 1849 1930 1917 forte
1956 1864 2158 1940 putes
2186 1879 2380 1925 nuno

257 1961 362 2027 ita
395 1965 878 2043 comparatum
918 1954 1080 2032 effe,
1142 1959 1227 2012 ut
1263 1947 1580 2035 voluptas
1622 1951 1899 2035 quidem
1940 1955 2375 2046 intercapedo

260 2059 525 2126 doloris
552 2060 674 2137 fit,
701 2054 895 2118 dolor
926 2073 1090 2116 vero
1118 2048 1503 2133 voluptatis.
1594 2052 1966 2142 Quorsum,
2007 2059 2254 2147 inquit,
2299 2074 2373 2132 et

261 2183 444 2251 quas
491 2157 702 2223 dicis?
755 2155 1014 2221 Multae
1050 2153 1362 2239 quidem,
1423 2151 1739 2246 inquam,
1797 2160 2003 2245 aliae,
2062 2168 2371 2238 maxime

256 2287 432 2334 vero
477 2264 523 2329 fi
568 2260 677 2327 vis
719 2256 1140 2324 considerare
1183 2257 1573 2347 voluptates
1620 2259 1951 2343 odorum3
2016 2266 2149 2335 hae
2174 2272 2366 2343 enim

255 2368 454 2436 nullo
482 2364 724 2431 dolore
748 2364 1122 2449 praegrefl'o
1144 2359 1420 2436 *mirum
1462 2383 1668 2448 quam
1697 2388 1990 2455 magnae
2024 2373 2369 2459 aecidnnn·

254 2492 385 2537 nec
411 2489 628 2555 quum
655 2464 1039 2531 defiverunt
1061 2464 1282 2529 ullum
1311 2463 1620 2531 dolorem
1649 2468 2071 2555 relinquunt.
2128 2477 2370 2552 Veris-¹·

255 2575 454 2654 fime,
512 2567 749 2655 inquit.
789 2584 799 2592 '
847 2567 951 2633 Ne
989 2566 1206 2654 igitur
1237 2567 1595 2633 credamus
1632 2575 1882 2657 puram
1926 2574 2364 2667 voluptatem
2450 2615 2457 2622 ·

253 2680 390 2742 effe
415 2670 837 2744 vacationem
866 2691 908 2734 a
946 2667 1176 2737 dolore
1194 2716 1215 2752 ‚
1256 2691 1389 2738 ,nec
1424 2669 1732 2738 dolorem
1755 2674 2362 2769 'intercapedinem

253 2772 653 2863 voluptatis.
737 2770 1028 2837 Minime
1052 2791 1237 2838 vero.
1272 2767 1281 2776 ’
1325 2771 1417 2839 At
1438 2771 1646 2856 enim,
1688 2774 1993 2865 inquam,
2037 2782 2199 2851 illae
2228 2810 2364 2879 per
2465 2805 2476 2821 ⁶

255 2899 509 2965 eorpus
522 2873 609 2941 ad
639 2873 944 2940 animum
962 2872 1384 2963 pertinentes
1405 2877 1778 2965 voluptates
1805 2880 1901 2949 ita
1926 2885 2164 2970 dictae,
2192 2892 2364 2981 plu..

253 2981 478 3047 rimae
501 2977 647 3045 fere
674 2989 745 3043 et
770 2977 1137 3054 maximae,
1167 2978 1377 3046 huius
1403 2982 1562 3045 sunt
1592 2984 1884 3069 generiS,
1928 2984 2364 3061 liberationes

256 3082 594 3170 quaedam
642 3090 711 3146 et
751 3079 1125 3145 vacuitates
1171 3080 1505 3166 dolorum.
1608 3082 1782 3152 Sunt
1819 3110 2013 3155 vero.
2085 3093 2365 3163 ‘Nonne

182 3211 193 3222 ‘
255 3189 464 3256 etiam
505 3195 871 3274 praecepta
916 3183 1034 3249 illa
1076 3182 1162 3248 de
1200 3182 1407 3276 rebus
1446 3186 1694 3278 futuris
1732 3192 1981 3281 gaudia
2017 3205 2084 3261 et
2126 3199 2360 3286 aegri-
2459 3223 2465 3230 ·

251 3291 526 3358 tudines
556 3310 721 3375 quas
748 3285 1152 3374 exspectatio·
1183 3284 1399 3375 gignit
1427 3291 1671 3358 eodem
1706 3295 1776 3359 se
1804 3296 2011 3363 modo
2047 3296 2360 3363 habent?

248 3392 521 3461 Eodem
555 3391 784 3457 modo·
863 3388 1045 3458 Scin’
1065 3389 1302 3474 igitur,
1342 3389 1661 3481 inquam,
1706 3400 1934 3487 qualia
1973 3401 2098 3465 fint
2142 3409 2212 3464 et
2240 3395 2358 3463 eui

250 3492 565 3562 maxime
590 3493 872 3567 sunnia?
915 3489 1254 3560 Cuinam?
1295 3492 1536 3583 inquit.
1624 3499 2000 3582 Statuisne,
2041 3500 2358 3585 inquam,·

249 3598 330 3666 in
356 3608 608 3664 natura
634 3617 851 3665 unum
883 3600 1009 3661 effe
1035 3596 1383 3684 superum,
1400 3600 1692 3670 alterum
1707 3601 2034 3681 inferum,
2062 3600 2352 3670 tertium

250 3701 560 3769 medium
582 3700 618 3763 ‘2
658 3698 804 3785 Ego
826 3700 1005 3764 sane.
1092 3698 1393 3765 Putasne
1416 3702 1659 3789 igitur,
1704 3704 1751 3768 fi
1780 3701 1931 3788 quis
1977 3723 2016 3765 e
2053 3700 2202 3768 loco
2233 3702 2353 3773 in..

249 3804 505 3872 feriore
531 3793 890 3870 foraturia
921 3800 1262 3884 medium,
1304 3803 1493 3869 aliud
1536 3803 1699 3890 quid
1747 3825 1904 3868 eum
1943 3792 2354 3891 putaturum

186 3916 193 3921 '
253 3910 384 3971 effe
409 3904 531 3970 nifi
554 3906 822 3972 sursum
850 3905 917 3970 se
951 3900 1123 3970 ferri
1140 3903 1183 3967 2·
1204 3911 1288 3968 'et
1319 3907 1368 3969 fi
1399 3906 1470 3972 in
1507 3905 1734 3972 medio
1764 3908 1885 3971 stet
1912 3909 2349 4002 respiciatque

251 4005 439 4073 unde
473 4007 652 4074 latus
675 4006 924 4088 fuerit,
980 4006 1116 4074 alio
1147 4026 1306 4074 eum
1335 4006 1415 4072 in
1456 4008 1605 4073 loco
1653 4009 2184 4088 existimaturum
2220 4020 2350 4084 effe

249 4109 320 4175 fe
344 4102 593 4179 versari
616 4127 824 4198 quam
857 4109 933 4176 in
958 4109 1236 4199 super03
1291 4107 1544 4199 quippe
1574 4106 1697 4198 qui
1739 4117 2053 4184 nondum
2095 4114 2349 4181 viderit
