2738 4600
1102 312 1603 384 TIMAEUS.
2277 326 2396 413 159

304 506 397 553 ex
423 485 609 572 igne,
642 495 716 549 ut
738 505 944 571 quam
976 484 1575 571 splendidissimum
1611 491 1769 554 effet
1797 501 1863 555 et
1888 491 2205 582 adspectu
2233 497 2397 583 pul-

305 588 745 656 chen-imum.
796 588 1461 653 univerfitatiautem
1506 591 1714 656 fimile
1745 591 2025 673 efficiens
2062 598 2142 662 ad
2189 599 2394 662 volu-

303 692 627 756 bilitatem
653 688 1048 759 rotundavit
1076 690 1493 777 posuitque'
1474 713 1543 759 ln
1590 694 1831 785 optimi
1871 698 2158 763 circuitu
2189 710 2262 763 ut
2289 700 2394 765 illi

303 794 775 871 comitaretur,
834 794 1087 859 circum
1158 804 1379 858 totum
1433 798 1695 862 caelum
1746 800 2109 883 aequaliter
2155 800 2392 866 distri-

298 895 554 978 buens,
598 908 675 961 ut
703 918 905 962 verus
934 886 1230 1001 mundus
1262 908 1469 982 atque
1498 910 1776 965 ornatus
1801 900 1880 965 in
1913 924 1992 964 eo
2023 903 2176 966 effet
2202 904 2391 969 omni

297 999 635 1067 distinctus
665 998 1017 1067 varietate.
1049 1011 1270 1065 motus
1307 1011 1539 1065 autem
1574 1001 1745 1091 duos
1774 1002 2094 1069 adiunxit
2124 1004 2385 1120 cuique,

299 1125 461 1169 eum
508 1103 619 1188 qui
663 1105 736 1169 in
780 1103 1023 1168 eodem
1073 1114 1140 1168 et
1186 1105 1422 1170 eodem
1474 1086 1675 1171 modo
1718 1105 2056 1184 versatur,
2103 1106 2262 1190 quia
2304 1108 2389 1173 de

298 1207 530 1271 eodem
558 1209 824 1294 semper
854 1205 1039 1271 idem
1074 1207 1295 1273 secum
1325 1208 1613 1294 cogitat,
1661 1219 1730 1273 et
1758 1230 1920 1273 eum
1943 1209 2059 1294 qui
2090 1224 2268 1275 ante
2279 1210 2388 1275 in·-

295 1310 632 1398 greditur‚
681 1309 838 1395 quia
882 1308 966 1372 ab
1020 1307 1327 1373 eiusdem
1369 1321 1434 1373 et
1461 1309 1690 1376 fimilis
1719 1313 2146 1377 conversione
2175 1312 2384 1399 supe-

288 1425 520 1494 ratur3
563 1413 747 1498 quod
792 1411 876 1474 ad
924 1409 1215 1494 reliquos
1262 1411 1565 1498 quinque
1609 1414 1878 1496 attinet,
1921 1415 2283 1480 immotum
2316 1426 2388 1480 et

287 1516 460 1582 stans
491 1515 693 1580 finxit
723 1512 1062 1592 divinum,
1106 1523 1180 1576 ut
1222 1535 1427 1598 quam
1473 1516 1810 1601 optimum
1856 1519 2172 1603 quodque
2205 1522 2381 1583 esset.

287 1640 496 1705 quam
531 1616 804 1701 quidem
832 1612 918 1677 ob
945 1615 1208 1701 causam
1240 1627 1396 1679 nata
1423 1618 1578 1682 sunt
1620 1641 1698 1696 ea
1739 1619 1945 1683 fidera
1977 1642 2151 1706 quae
2192 1621 2385 1684 iner-

286 1720 544 1793 rantia,
567 1718 816 1805 quippe
846 1717 1213 1784 animantia
1245 1718 1515 1802 divina,
1547 1718 1780 1783 eodem
1811 1721 2012 1785 modo
2037 1723 2109 1785 in
2144 1722 2383 1786 eodem

286 1823 666 1888 volvuntur
693 1833 761 1884 et
776 1830 1102 1908 perpetuo
1136 1831 1449 1900 nnanent3
1485 1840 1663 1904 quae
1684 1832 1907 1884 autem
1928 1844 2096 1907 vaga
2128 1833 2194 1885 et
2223 1844 2386 1885 mu-

282 1924 471 1992 tabili
509 1922 771 1993 ratione
800 1921 1145 2002 labuntur,
1177 1922 1270 1988 ita
1298 1912 1618 2009 generata
1649 1926 1838 2005 sunt,
1873 1937 1951 1988 ut
1975 1926 2174 2011 supra
2200 1924 2385 1988 dixi-

284 2050 457 2093 mus·
515 2026 653 2092 iam
693 2047 859 2090 vero
915 2036 1207 2117 terram,
1253 2024 1552 2090 altricem
1585 2025 1906 2116 nostram,
1953 2025 2383 2092 constrictam

285 2130 463 2195 circ-a
492 2150 695 2193 axem
743 2149 866 2214 per
898 2138 1117 2192 totum
1147 2128 1636 2214 pertinentem,
1700 2128 2037 2195 custodem
2101 2141 2167 2193 et
2209 2129 2379 2193 effe-

283 2233 558 2296 ctricem
597 2230 814 2296 noctis
844 2241 912 2294 et
945 2227 1076 2293 diei
1110 2230 1536 2310 machinatus
1582 2232 1704 2314 est,
1748 2229 2043 2320 primam
2082 2245 2149 2295 et
2192 2232 2378 2296 anti-

281 2333 659 2423 quisfimam
692 2334 974 2399 deorum
1008 2333 1125 2420 qui
1155 2334 1336 2399 intra
1371 2336 1637 2401 caelum
1682 2334 1984 2421 generati
2016 2335 2194 2399 sunt.
2239 2335 2379 2399 ho-

278 2460 437 2504 rum
476 2450 702 2503 autem
740 2436 1044 2525 ipsorum
1103 2437 1380 2503 choreas
1436 2449 1846 2521 mutuasque
1898 2438 2376 2516 concurfiones,

282 2552 348 2606 et
376 2541 649 2612 orbium
696 2540 778 2603 ad
824 2541 1032 2604 semet
1058 2538 1229 2627 ipsos
1267 2542 1734 2624 converfiones
1777 2549 1845 2601 et
1880 2541 2380 2615 anteceffioneS,

280 2653 350 2705 et
370 2642 442 2705 in
469 2639 1052 2707 coniunctionibus
1085 2641 1204 2725 qui
1234 2640 1328 2704 dii
1360 2643 1576 2728 prop‘e
1606 2627 2039 2732 copulentur,
2057 2627 2171 2726 qu'i
2205 2664 2373 2722 con-

275 2745 489 2826 traria
518 2743 792 2829 regione
811 2789 832 2822 ‚
876 2753 943 2806 et
969 2765 1146 2826 pone
1174 2763 1341 2827 quos
1372 2755 1492 2807 aut
1518 2756 1677 2810 ante
1702 2743 2050 2819 labantur,
2099 2745 2372 2832 quibus·
2419 2795 2424 2800 ·

276 2870 410 2934 que
446 2831 866 2934 temporibus
905 2846 1089 2911 inter
1115 2847 1184 2909 se
1210 2845 1534 2931 nobisque
1574 2848 2069 2914 abscondantur
2095 2851 2371 2913 rursus-

275 2973 410 3036 que
444 2952 673 3015 emerfi
708 2961 1001 3015 terrores
1023 2959 1087 3014 et
1113 2949 1285 3033 figna
1313 2949 1579 3037 posthac
1619 2967 2106 3017 eventurorum
2140 2951 2222 3015 ad
2252 2974 2370 3014 ra-

274 3055 524 3118 tionem
551 3052 1053 3117 subducendam
1084 3052 1465 3138 valentibus
1508 3053 1867 3134 obiiciant,
1912 3056 1958 3118 fi
1985 3052 2206 3132 verbis
2238 3076 2368 3116 ex-

272 3155 528 3243 plicare
551 3178 876 3222 conemur
896 3154 1083 3220 nullo
1115 3156 1320 3240 posito
1346 3153 1471 3219 sub
1501 3157 1728 3236 oculos
1747 3156 2093 3221 simulacro
2126 3176 2367 3226 earum

269 3281 502 3325 rerum
522 3307 562 3350 ,ἢ
587 3255 833 3323 frustra
863 3257 1257 3344 suscipiatur
1285 3258 1500 3323 labor.
1549 3257 1657 3321 sed
1689 3258 1859 3322 haec
1887 3258 2034 3323 satis
2074 3261 2224 3322 sunt
2256 3255 2367 3319 di-

269 3373 380 3427 cta
426 3360 660 3448 nobis,
716 3369 1024 3446 quaeque
1068 3360 1152 3424 de
1197 3360 1487 3426 deorum
1530 3361 1649 3446 qui
1686 3374 2067 3424 cernuntur
2109 3356 2363 3441 quique
2536 3353 2540 3362 '

266 3463 406 3528 orti
432 3464 588 3526 sunt
610 3473 852 3527 natura
886 3461 1175 3550 praefati
1211 3464 1443 3527 sumus
1476 3463 1732 3529 habent
1757 3463 1944 3529 hunc
1967 3460 2360 3523 terminum.

440 3564 885 3648 Reliquorum
935 3578 1164 3632 autem
1224 3588 1389 3653 quos
1433 3567 1641 3632 Lares
1689 3566 1973 3630 dicimus
2015 3570 2084 3621 et
2137 3580 2361 3621 enun-

269 3667 449 3733 ciare
482 3678 548 3730 et
582 3671 760 3731 noffe
789 3681 1037 3741 ortum,
1086 3668 1296 3734 maius
1325 3670 1413 3732 est
1439 3691 1643 3758 quam
1662 3690 1790 3756 pro
1816 3663 2074 3730 viribus
2103 3661 2358 3739 nostris,

267 3769 683 3836 credendum
738 3794 896 3836 vero
939 3772 1179 3859 priscis.
1204 3771 1338 3836 illis
1375 3774 1642 3837 testibus
1666 3793 1707 3836 a
1740 3768 1866 3834 diis
1899 3764 2235 3845 oriundis,
2281 3779 2360 3833 ut

269 3871 618 3954 dicebant,
674 3874 792 3957 qui
835 3884 1086 3940 certam
1132 3876 1288 3940 sane
1330 3867 1813 3963 generatorum
1863 3869 2139 3932 suorum
2173 3871 2358 3935 noti-

263 3973 432 4041 tiam
463 3974 886 4058 habuerunt3
928 3999 1055 4043 nec
1093 3975 1245 4043 fieri
1291 3975 1570 4042 omnino
1612 3971 1827 4061 potest
1862 3969 2122 4039 nullam
2165 3987 2238 4040 ut
2266 3973 2354 4039 fi·-
