2738 4600
1012 313 1453 383 POLITIA
1510 311 1592 382 X.
2269 335 2354 407 79

266 498 468 575 dam,
516 510 753 559 verum
800 486 1004 554 etiam
1037 487 1271 552 utilem
1320 511 1466 554 eam
1493 493 1617 554 effe
1647 487 1728 553 ad
1762 485 2063 554 civitates
2091 488 2353 555 vitam-

269 622 403 687 que
448 598 851 672 humanam3
916 602 984 654 et
1043 589 1352 654 benivole
1423 592 1815 671 audiemu83
1868 594 2128 657 lucrum
2153 592 2349 687 „enim

261 707 422 769 sane
466 700 837 775 faciemus,
900 696 936 758 fi
987 716 1122 758 non
1171 693 1459 760 iucunda
1504 694 1716 758 solum
1762 695 2169 782 reperiatur,
2235 695 2352 759 sed

263 807 470 870 etiam
521 801 727 868 utilis.
812 796 1072 885 Quidni
1118 794 1428 861 futurum
1477 797 1583 873 fit,
1647 796 1902 880 inquit,
1961 809 2037 861 ut
2074 800 2351 866 lucrum

261 906 644 974 faciamus?
690 900 938 982 Aliter,
985 922 1139 965 care
1165 899 1418 978 amice,
1467 900 2043 985 quemadmodum
2076 902 2187 982 qui
2221 899 2350 966 ali·-

264 1009 543 1096 quando
590 1025 824 1070 amore
868 1000 1258 1090 quempiam
1300 1003 1603 1090 amplexi
1648 1004 1835 1079 sunt,
1896 1005 1940 1067 fi
1980 1003 2353 1068 existiment

264 1133 405 1179 non
442 1109 677 1174 utilem
716 1110 843 1172 effe
867 1104 1049 1169 hunc
1076 1128 1419 1178 amorem,
1462 1104 1771 1190 quamvis
1803 1126 2043 1193 aegre,
2091 1107 2159 1169 se
2197 1104 2355 1170 abs-

264 1215 515 1292 tinent,
562 1214 659 1276 ita
707 1233 827 1274 nos
876 1231 1174 1294 quoque,
1219 1219 1499 1295 propter
1542 1208 1744 1272 huius
1784 1208 1989 1294 poie'fis
2037 1230 2355 1274 amorem

269 1339 473 1403 quem
509 1314 952 1402 pulchrarum
987 1310 1333 1376 civitatum
1364 1308 1684 1374 institutio
1713 1310 1903 1374 nobis
1927 1312 2188 1391 iniecit,
2232 1311 2354 1375 be-

264 1420 502 1486 nivole
536 1416 807 1501 quidem
844 1413 1249 1499 accipiemus
1285 1412 1565 1501 reperiri
1611 1434 1756 1478 eam
1788 1437 1988 1500 quam
2023 1415 2354 1502 optimam

271 1533 339 1588 et
384 1521 834 1595 verminium,
884 1515 1197 1603 quamdiu
1244 1529 1470 1600 autem
1513 1529 1806 1602 nequeat
1857 1519 1921 1581 se
1966 1516 2356 1600 defendere,

269 1646 425 1690 eam
457 1621 804 1698 audiemus
833 1619 1006 1686 hanc
1039 1619 1372 1685 nobismet
1401 1618 1550 1705 ipsis
1580 1619 1946 1683 orationem
1989 1642 2192 1706 quam
2229 1637 2356 1682 ex-

269 1725 626 1817 posuimus
655 1722 962 1807 hancque
994 1721 1376 1785 cantionem
1404 1718 1797 1784 adhibentes
1827 1722 2079 1809 quippe
2108 1741 2363 1785 caven..

269 1841 376 1895 tes
426 1851 516 1894 ne
560 1827 785 1894 rursus
843 1821 1219 1901 incidamus
1265 1823 1339 1886 in
1403 1820 1733 1906 puerilem
1787 1834 1856 1885 et
1908 1820 2363 1886 multitudinis

272 1953 599 1997 amorem.
650 1925 995 2010 cognitum
1030 1923 1234 2009 igitur
1287 1919 1617 1985 habemus
1655 1946 1792 1987 non
1829 1922 2362 1988 incumbendum

278 2039 408 2098 effe
442 2032 515 2095 in
542 2026 935 2094 huiusmodi
970 2026 1191 2110 poefiu
1227 2037 1568 2105 tamquam
1626 2027 1975 2090 veritatem
2023 2014 2363 2107 astiagen-'-

274 2145 417 2198 tem
453 2142 513 2195 et
543 2130 804 2207 seriam,
849 2130 963 2194 sed
1006 2128 1384 2192 cautionem
1422 2129 1547 2192 effe
1570 2126 2013 2193 adhibendam
2047 2126 2360 2208 auditori,

274 2234 365 2300 de
396 2233 719 2298 interiore
760 2233 876 2297 sua
917 2232 1185 2297 civitate
1227 2230 1532 2311 timenti,
1581 2242 1642 2294 et
1691 2231 1779 2294 ita
1824 2231 2249 2310 sentiendum
2286 2241 2362 2295 ut

275 2336 708 2425 exposuimus
747 2335 829 2399 de
859 2334 1049 2422 poe'fi.
1129 2336 1443 2409 Prorsus,
1489 2332 1743 2420 inquit,
1793 2336 2131 2400 assentior.
2207 2333 2392 2397 Ma-'

278 2461 484 2527 gnum
519 2438 732 2515 enim,
780 2438 1095 2523 inquam,
1149 2448 1524 2507 certamen,
1574 2461 1613 2501 o
1658 2461 1813 2502 care
1866 2436 2164 2511 Glauco,
2212 2456 2364 2500 ma·-

278 2562 514 2630 gnum‚
531 2562 667 2606 non
683 2553 1008 2624 quantum
1027 2539 1133 2604 vid
1144 2552 1316 2617 etur,
1337 2540 1590 2603 bonum
1609 2550 1726 2603 aut
1753 2541 2005 2603 malum
2024 2538 2356 2612 exfistere;

281 2643 601 2730 quocirca
647 2662 863 2725 neque
913 2640 1171 2705 honore
1242 2642 1494 2705 elatum
1551 2663 1766 2725 neque
1820 2641 2102 2728 pecunia
2144 2660 2366 2726 neque

278 2745 574 2834 imperio
620 2744 751 2807 ullo
799 2765 1020 2828 neque
1058 2743 1231 2831 poe'fi
1281 2765 1405 2828 par
1446 2743 1533 2807 est
1573 2766 1977 2829 quemquam
2025 2745 2367 2831 negligere

277 2845 589 2914 iustitiam
620 2845 1088 2933 reliquamque
1117 2846 1456 2911 virtutem.
1549 2846 1884 2911 Assentior
1910 2846 2071 2926 tibi,
2116 2845 2364 2933 inquit,

283 2973 368 3015 ex
429 2949 524 3013 eis
586 2971 759 3034 quae
815 2947 1235 3037 exposuimus
1252 2974 1274 3031 3
1333 2949 1624 3014 arbitror
1681 2972 1840 3014 vero
1903 2951 2101 3016 etiam
2154 2948 2369 3014 alium

284 3053 610 3139 quemvis,

455 3155 813 3230 Attamen,
870 3154 1182 3241 inquam,
1229 3154 1551 3218 maximas
1592 3153 1861 3219 virtutis
1899 3151 2241 3220 mercedes
2288 3170 2369 3213 ac

285 3262 585 3351 praemia
616 3260 941 3348 pnopofita
970 3280 1107 3321 non
1138 3258 1841 3323 commemoravimus.
1895 3260 2049 3324 Inm
2036 3254 2371 3321 edibilem

286 3362 663 3447 quandam,
723 3359 980 3444 inquit,
1026 3359 1185 3422 dicis
1232 3358 1796 3446 magnitudinem,
1841 3364 1884 3427 fi
1931 3362 2126 3445 supia
2179 3348 2370 3415 dictis

287 3463 548 3529 maiora
583 3466 832 3528 exstant
859 3461 1004 3526 alia.
1063 3461 1244 3550 Quid
1274 3486 1481 3536 vern,
1511 3463 1819 3548 inquam,
1857 3462 1920 3523 in
1953 3476 2161 3543 parvo
2197 3463 2373 3513 tem-

284 3588 462 3658 pore
486 3585 802 3649 magnum
833 3564 961 3630 elit
984 3567 1016 3626 ¹?
1061 3588 1259 3629 omne
1313 3566 1491 3629 enim
1527 3565 1654 3629 hoc
1688 3588 1728 3628 a
1777 3580 1989 3648 puero
2030 3556 2109 3616 ad
2143 3553 2373 3616 senem

288 3681 558 3756 tempus
589 3691 741 3732 cum
778 3670 1086 3733 universo
1114 3669 1429 3731 collatum
1464 3666 1788 3752 exiguum
1833 3662 1963 3723 fine
1993 3652 2195 3718 dubio
2231 3654 2371 3725 e1it.

287 3770 466 3837 Nihil
502 3771 702 3852 sane,
746 3772 990 3855 inquit.
1082 3767 1268 3857 Quid
1300 3768 1503 3849 igitur
1522 3769 1552 3828 ’ἒ
1603 3759 2021 3827 numcens‹s
2064 3779 2210 3822 rem
2241 3757 2378 3824 im-

290 3876 644 3938 moitalem
696 3889 982 3962 propter
1038 3884 1174 3935 tam
1232 3870 1435 3934 bieve
1474 3876 1790 3954 oporteie
1841 3871 2108 3948 tempus
2147 3863 2378 3943 anniti,

292 3988 363 4040 et
403 3999 537 4041 non
579 3990 858 4064 propter
899 3973 1332 4038 universum?
1396 3973 1488 4036 Aa
1480 3967 1712 4029 bitror
1741 3959 2080 4046 equidem,
2124 3963 2376 4048 inquit;

291 4078 401 4143 sed
438 4079 601 4166 quid
644 4080 774 4147 hoc
807 4077 1019 4146 dicis?
1064 4077 1301 4144 Nonne
1333 4073 1758 4159 perspectum
1801 4066 2039 4158 habes,
2080 4068 2381 4149 inquam,
