<?xml version="1.0" encoding="UTF-8"?>
<!DOCTYPE html PUBLIC "-//W3C//DTD XHTML 1.0 Transitional//EN"
    "http://www.w3.org/TR/xhtml1/DTD/xhtml1-transitional.dtd">
<html xmlns="http://www.w3.org/1999/xhtml" xml:lang="en" lang="en">
 <head>
  <title>
</title>
<meta http-equiv="Content-Type" content="text/html;charset=utf-8" />
  <meta name='ocr-system' content='tesseract 3.04.00' />
  <meta name='ocr-capabilities' content='ocr_page ocr_carea ocr_par ocr_line ocrx_word'/>
</head>
<body>
  <div class='ocr_page' id='page_1' title='image "./platonisquaeexs00astgoog_0253.png"; bbox 0 0 2738 4600; ppageno 0'>
   <div class='ocr_carea' id='block_1_1' title="bbox 1083 331 2383 407">
    <p class='ocr_par' dir='ltr' id='par_1_1' title="bbox 1083 331 2383 407">
     <span class='ocr_line' id='line_1_1' title="bbox 1083 331 2383 407; baseline 0.002 -5"><span class='ocrx_word' id='word_1_1' title='bbox 1083 334 1599 407; x_wconf 74' lang='lat' dir='ltr'><strong>TIMAEUS.</strong></span> <span class='ocrx_word' id='word_1_2' title='bbox 2254 331 2383 404; x_wconf 79' lang='lat'>245</span> 
     </span>
    </p>
   </div>
   <div class='ocr_carea' id='block_1_2' title="bbox 220 508 2429 4083">
    <p class='ocr_par' dir='ltr' id='par_1_2' title="bbox 220 508 2429 4083">
     <span class='ocr_line' id='line_1_2' title="bbox 287 508 2381 598; baseline -0.003 -21"><span class='ocrx_word' id='word_1_3' title='bbox 287 522 463 577; x_wconf 83' lang='lat' dir='ltr'>runt</span> <span class='ocrx_word' id='word_1_4' title='bbox 491 509 572 576; x_wconf 91' lang='lat' dir='ltr'>ad</span> <span class='ocrx_word' id='word_1_5' title='bbox 601 509 886 598; x_wconf 85' lang='lat' dir='ltr'>spinam,</span> <span class='ocrx_word' id='word_1_6' title='bbox 930 518 1001 572; x_wconf 88' lang='lat' dir='ltr'>et</span> <span class='ocrx_word' id='word_1_7' title='bbox 1027 509 1387 595; x_wconf 83' lang='lat' dir='ltr'><strong>genitalem</strong></span> <span class='ocrx_word' id='word_1_8' title='bbox 1419 509 1839 576; x_wconf 82' lang='lat' dir='ltr'>interiectam</span> <span class='ocrx_word' id='word_1_9' title='bbox 1867 508 2260 587; x_wconf 63' lang='lat' dir='ltr'>medullam,</span> <span class='ocrx_word' id='word_1_10' title='bbox 2301 516 2381 572; x_wconf 88' lang='lat' dir='ltr'>ut</span> 
     </span>
     <span class='ocr_line' id='line_1_3' title="bbox 289 609 2379 700; baseline -0.004 -21"><span class='ocrx_word' id='word_1_11' title='bbox 289 616 459 679; x_wconf 88' lang='lat' dir='ltr'>haec</span> <span class='ocrx_word' id='word_1_12' title='bbox 512 629 717 700; x_wconf 86' lang='lat' dir='ltr'>quam</span> <span class='ocrx_word' id='word_1_13' title='bbox 762 611 1061 677; x_wconf 82' lang='lat' dir='ltr'><strong>maxime</strong></span> <span class='ocrx_word' id='word_1_14' title='bbox 1102 610 1396 698; x_wconf 80' lang='lat' dir='ltr'>vigeret,</span> <span class='ocrx_word' id='word_1_15' title='bbox 1455 624 1525 678; x_wconf 88' lang='lat' dir='ltr'>et</span> <span class='ocrx_word' id='word_1_16' title='bbox 1565 612 1652 677; x_wconf 90' lang='lat' dir='ltr'>ad</span> <span class='ocrx_word' id='word_1_17' title='bbox 1683 624 1928 678; x_wconf 85' lang='lat' dir='ltr'>ceteras</span> <span class='ocrx_word' id='word_1_18' title='bbox 1961 620 2187 699; x_wconf 84' lang='lat' dir='ltr'>partes</span> <span class='ocrx_word' id='word_1_19' title='bbox 2220 609 2379 675; x_wconf 86' lang='lat' dir='ltr'>inde</span> 
     </span>
     <span class='ocr_line' id='line_1_4' title="bbox 291 713 2377 802; baseline -0.003 -19"><span class='ocrx_word' id='word_1_20' title='bbox 291 717 489 783; x_wconf 79' lang='lat' dir='ltr'>facile</span> <span class='ocrx_word' id='word_1_21' title='bbox 528 738 811 781; x_wconf 86' lang='lat' dir='ltr'>manans</span> <span class='ocrx_word' id='word_1_22' title='bbox 835 713 1085 802; x_wconf 79' lang='lat' dir='ltr'>quippe</span> <span class='ocrx_word' id='word_1_23' title='bbox 1115 715 1197 778; x_wconf 89' lang='lat' dir='ltr'>ad</span> <span class='ocrx_word' id='word_1_24' title='bbox 1226 714 1487 781; x_wconf 82' lang='lat' dir='ltr'>declive</span> <span class='ocrx_word' id='word_1_25' title='bbox 1520 715 1760 780; x_wconf 75' lang='lat' dir='ltr'>infusio</span> <span class='ocrx_word' id='word_1_26' title='bbox 1793 717 2140 800; x_wconf 89' lang='lat' dir='ltr'>aequalem</span> <span class='ocrx_word' id='word_1_27' title='bbox 2172 735 2377 802; x_wconf 87' lang='lat' dir='ltr'>prae-</span> 
     </span>
     <span class='ocr_line' id='line_1_5' title="bbox 236 815 2376 910; baseline -0.001 -28"><span class='ocrx_word' id='word_1_28' title='bbox 236 877 242 892; x_wconf 79' lang='lat'><strong>,</strong></span> <span class='ocrx_word' id='word_1_29' title='bbox 287 820 481 884; x_wconf 79' lang='lat' dir='ltr'>‘beret</span> <span class='ocrx_word' id='word_1_30' title='bbox 522 816 1009 910; x_wconf 64' lang='lat' dir='ltr'>irrigationem.</span> <span class='ocrx_word' id='word_1_31' title='bbox 1068 815 1309 882; x_wconf 88' lang='lat' dir='ltr'>deinde</span> <span class='ocrx_word' id='word_1_32' title='bbox 1342 817 1771 884; x_wconf 83' lang='lat' dir='ltr'>diffindentes</span> <span class='ocrx_word' id='word_1_33' title='bbox 1800 817 1976 883; x_wconf 86' lang='lat' dir='ltr'>circa</span> <span class='ocrx_word' id='word_1_34' title='bbox 2010 828 2215 903; x_wconf 87' lang='lat' dir='ltr'>caput</span> <span class='ocrx_word' id='word_1_35' title='bbox 2246 838 2376 906; x_wconf 71' lang='lat' dir='ltr'>ve-</span> 
     </span>
     <span class='ocr_line' id='line_1_6' title="bbox 288 917 2375 987; baseline -0.002 0"><span class='ocrx_word' id='word_1_36' title='bbox 288 945 410 987; x_wconf 84' lang='lat' dir='ltr'>nas</span> <span class='ocrx_word' id='word_1_37' title='bbox 443 933 512 987; x_wconf 85' lang='lat' dir='ltr'>et</span> <span class='ocrx_word' id='word_1_38' title='bbox 541 943 627 985; x_wconf 82' lang='lat' dir='ltr'>ex</span> <span class='ocrx_word' id='word_1_39' title='bbox 664 920 939 986; x_wconf 85' lang='lat' dir='ltr'>adverso</span> <span class='ocrx_word' id='word_1_40' title='bbox 969 918 1150 984; x_wconf 89' lang='lat' dir='ltr'>inter</span> <span class='ocrx_word' id='word_1_41' title='bbox 1180 922 1249 983; x_wconf 90' lang='lat' dir='ltr'>se</span> <span class='ocrx_word' id='word_1_42' title='bbox 1271 932 1617 986; x_wconf 80' lang='lat' dir='ltr'><strong>nectentes</strong></span> <span class='ocrx_word' id='word_1_43' title='bbox 1661 920 2184 986; x_wconf 82' lang='lat' dir='ltr'>transmiserunt</span> <span class='ocrx_word' id='word_1_44' title='bbox 2211 917 2375 983; x_wconf 81' lang='lat' dir='ltr'>alias</span> 
     </span>
     <span class='ocr_line' id='line_1_7' title="bbox 290 1018 2394 1113; baseline -0.004 -22"><span class='ocrx_word' id='word_1_45' title='bbox 290 1023 625 1091; x_wconf 75' lang='lat' dir='ltr'>adextris</span> <span class='ocrx_word' id='word_1_46' title='bbox 668 1024 750 1087; x_wconf 90' lang='lat' dir='ltr'>ad</span> <span class='ocrx_word' id='word_1_47' title='bbox 787 1022 1064 1088; x_wconf 82' lang='lat' dir='ltr'>finistras</span> <span class='ocrx_word' id='word_1_48' title='bbox 1092 1023 1396 1113; x_wconf 79' lang='lat' dir='ltr'>corporis</span> <span class='ocrx_word' id='word_1_49' title='bbox 1428 1034 1691 1112; x_wconf 59' lang='lat' dir='ltr'>parter„</span> <span class='ocrx_word' id='word_1_50' title='bbox 1736 1023 1899 1088; x_wconf 81' lang='lat' dir='ltr'>alias</span> <span class='ocrx_word' id='word_1_51' title='bbox 1934 1043 1973 1084; x_wconf 90' lang='lat' dir='ltr'>a</span> <span class='ocrx_word' id='word_1_52' title='bbox 1999 1018 2256 1085; x_wconf 82' lang='lat' dir='ltr'>finistris</span> <span class='ocrx_word' id='word_1_53' title='bbox 2289 1018 2394 1083; x_wconf 77' lang='lat' dir='ltr'>ad=</span> 
     </span>
     <span class='ocr_line' id='line_1_8' title="bbox 292 1124 2375 1213; baseline -0.004 -21"><span class='ocrx_word' id='word_1_54' title='bbox 292 1127 566 1197; x_wconf 79' lang='lat' dir='ltr'>dextras</span> <span class='ocrx_word' id='word_1_55' title='bbox 587 1124 1022 1207; x_wconf 58' lang='lat' dir='ltr'>inclinantem,</span> <span class='ocrx_word' id='word_1_56' title='bbox 1069 1138 1146 1191; x_wconf 87' lang='lat' dir='ltr'>ut</span> <span class='ocrx_word' id='word_1_57' title='bbox 1171 1127 1525 1192; x_wconf 87' lang='lat' dir='ltr'>vinculum</span> <span class='ocrx_word' id='word_1_58' title='bbox 1555 1128 1745 1193; x_wconf 79' lang='lat' dir='ltr'>simul</span> <span class='ocrx_word' id='word_1_59' title='bbox 1775 1124 2004 1213; x_wconf 84' lang='lat' dir='ltr'>capitis</span> <span class='ocrx_word' id='word_1_60' title='bbox 2034 1144 2192 1188; x_wconf 90' lang='lat' dir='ltr'>cum</span> <span class='ocrx_word' id='word_1_61' title='bbox 2231 1141 2375 1185; x_wconf 78' lang='lat' dir='ltr'>eor·</span> 
     </span>
     <span class='ocr_line' id='line_1_9' title="bbox 288 1223 2377 1320; baseline -0.004 -25"><span class='ocrx_word' id='word_1_62' title='bbox 288 1235 452 1320; x_wconf 82' lang='lat' dir='ltr'>pore</span> <span class='ocrx_word' id='word_1_63' title='bbox 476 1234 630 1295; x_wconf 78' lang='lat' dir='ltr'>effet</span> <span class='ocrx_word' id='word_1_64' title='bbox 665 1250 803 1294; x_wconf 88' lang='lat' dir='ltr'>una</span> <span class='ocrx_word' id='word_1_65' title='bbox 839 1251 1011 1293; x_wconf 81' lang='lat' dir='ltr'>cum</span> <span class='ocrx_word' id='word_1_66' title='bbox 1058 1239 1243 1307; x_wconf 89' lang='lat' dir='ltr'>cute,</span> <span class='ocrx_word' id='word_1_67' title='bbox 1302 1231 1626 1315; x_wconf 88' lang='lat' dir='ltr'>quoniam</span> <span class='ocrx_word' id='word_1_68' title='bbox 1652 1228 1886 1294; x_wconf 84' lang='lat' dir='ltr'>nervis</span> <span class='ocrx_word' id='word_1_69' title='bbox 1927 1223 2377 1303; x_wconf 80' lang='lat' dir='ltr'>circumcirca</span> 
     </span>
     <span class='ocr_line' id='line_1_10' title="bbox 287 1324 2373 1404; baseline -0.003 -8"><span class='ocrx_word' id='word_1_70' title='bbox 287 1334 359 1397; x_wconf 89' lang='lat' dir='ltr'>in</span> <span class='ocrx_word' id='word_1_71' title='bbox 393 1333 645 1398; x_wconf 84' lang='lat' dir='ltr'>vertice</span> <span class='ocrx_word' id='word_1_72' title='bbox 673 1353 819 1395; x_wconf 88' lang='lat' dir='ltr'>non</span> <span class='ocrx_word' id='word_1_73' title='bbox 859 1329 1372 1404; x_wconf 78' lang='lat' dir='ltr'>continebatur,</span> <span class='ocrx_word' id='word_1_74' title='bbox 1420 1343 1488 1395; x_wconf 88' lang='lat' dir='ltr'>et</span> <span class='ocrx_word' id='word_1_75' title='bbox 1512 1334 1822 1396; x_wconf 71' lang='lat' dir='ltr'>seniuum</span> <span class='ocrx_word' id='word_1_76' title='bbox 1870 1330 2061 1395; x_wconf 87' lang='lat' dir='ltr'>fimul</span> <span class='ocrx_word' id='word_1_77' title='bbox 2107 1324 2373 1392; x_wconf 83' lang='lat' dir='ltr'>affectio</span> 
     </span>
     <span class='ocr_line' id='line_1_11' title="bbox 287 1431 2374 1526; baseline -0.003 -28"><span class='ocrx_word' id='word_1_78' title='bbox 287 1436 371 1499; x_wconf 83' lang='lat' dir='ltr'>ab</span> <span class='ocrx_word' id='word_1_79' title='bbox 416 1432 721 1518; x_wconf 81' lang='lat' dir='ltr'>utrisque</span> <span class='ocrx_word' id='word_1_80' title='bbox 762 1432 1073 1520; x_wconf 82' lang='lat' dir='ltr'>partibus</span> <span class='ocrx_word' id='word_1_81' title='bbox 1114 1432 1505 1498; x_wconf 81' lang='lat' dir='ltr'>universum</span> <span class='ocrx_word' id='word_1_82' title='bbox 1551 1435 1903 1520; x_wconf 87' lang='lat' dir='ltr'>in·corpus</span> <span class='ocrx_word' id='word_1_83' title='bbox 1922 1431 2374 1526; x_wconf 68' lang='lat' dir='ltr'>distribuere-</span> 
     </span>
     <span class='ocr_line' id='line_1_12' title="bbox 284 1533 2374 1621; baseline -0.005 -20"><span class='ocrx_word' id='word_1_84' title='bbox 284 1549 416 1601; x_wconf 78' lang='lat' dir='ltr'>tur.</span> <span class='ocrx_word' id='word_1_85' title='bbox 490 1534 803 1619; x_wconf 82' lang='lat' dir='ltr'>deinceps</span> <span class='ocrx_word' id='word_1_86' title='bbox 851 1555 1034 1597; x_wconf 76' lang='lat' dir='ltr'>vero.</span> <span class='ocrx_word' id='word_1_87' title='bbox 1070 1533 1205 1599; x_wconf 88' lang='lat' dir='ltr'>iam</span> <span class='ocrx_word' id='word_1_88' title='bbox 1253 1558 1468 1621; x_wconf 91' lang='lat' dir='ltr'>aquae</span> <span class='ocrx_word' id='word_1_89' title='bbox 1526 1535 1999 1600; x_wconf 84' lang='lat' dir='ltr'>deductionem</span> <span class='ocrx_word' id='word_1_90' title='bbox 2039 1538 2374 1620; x_wconf 85' lang='lat' dir='ltr'>pararunt</span> 
     </span>
     <span class='ocr_line' id='line_1_13' title="bbox 286 1631 2373 1726; baseline -0.005 -22"><span class='ocrx_word' id='word_1_91' title='bbox 286 1641 418 1704; x_wconf 81' lang='lat' dir='ltr'>hoc</span> <span class='ocrx_word' id='word_1_92' title='bbox 451 1637 594 1704; x_wconf 82' lang='lat' dir='ltr'>fere</span> <span class='ocrx_word' id='word_1_93' title='bbox 624 1635 857 1713; x_wconf 89' lang='lat' dir='ltr'>mod0‚</span> <span class='ocrx_word' id='word_1_94' title='bbox 905 1656 1104 1721; x_wconf 89' lang='lat' dir='ltr'>quem</span> <span class='ocrx_word' id='word_1_95' title='bbox 1139 1636 1400 1703; x_wconf 88' lang='lat' dir='ltr'>facilius</span> <span class='ocrx_word' id='word_1_96' title='bbox 1430 1637 1912 1726; x_wconf 83' lang='lat' dir='ltr'>perspiciemus</span> <span class='ocrx_word' id='word_1_97' title='bbox 1945 1638 1989 1700; x_wconf 87' lang='lat' dir='ltr'>fi</span> <span class='ocrx_word' id='word_1_98' title='bbox 2018 1636 2153 1697; x_wconf 86' lang='lat' dir='ltr'>hoe</span> <span class='ocrx_word' id='word_1_99' title='bbox 2181 1631 2373 1718; x_wconf 82' lang='lat' dir='ltr'>prius</span> 
     </span>
     <span class='ocr_line' id='line_1_14' title="bbox 285 1737 2375 1825; baseline -0.007 -17"><span class='ocrx_word' id='word_1_100' title='bbox 285 1744 465 1808; x_wconf 87' lang='lat' dir='ltr'>inter</span> <span class='ocrx_word' id='word_1_101' title='bbox 505 1762 629 1805; x_wconf 83' lang='lat' dir='ltr'>nos</span> <span class='ocrx_word' id='word_1_102' title='bbox 657 1737 1089 1817; x_wconf 81' lang='lat' dir='ltr'>convenerit,</span> <span class='ocrx_word' id='word_1_103' title='bbox 1136 1741 1367 1806; x_wconf 87' lang='lat' dir='ltr'>omnia</span> <span class='ocrx_word' id='word_1_104' title='bbox 1402 1762 1580 1825; x_wconf 88' lang='lat' dir='ltr'>quae</span> <span class='ocrx_word' id='word_1_105' title='bbox 1614 1762 1651 1802; x_wconf 92' lang='lat' dir='ltr'>e</span> <span class='ocrx_word' id='word_1_106' title='bbox 1683 1738 2053 1803; x_wconf 83' lang='lat' dir='ltr'>minoribus</span> <span class='ocrx_word' id='word_1_107' title='bbox 2087 1749 2375 1820; x_wconf 87' lang='lat' dir='ltr'>compo-</span> 
     </span>
     <span class='ocr_line' id='line_1_15' title="bbox 277 1836 2375 1929; baseline -0.006 -18"><span class='ocrx_word' id='word_1_108' title='bbox 277 1852 547 1911; x_wconf 63' lang='lat' dir='ltr'>nantur</span> <span class='ocrx_word' id='word_1_109' title='bbox 571 1838 864 1905; x_wconf 81' lang='lat' dir='ltr'>retinere</span> <span class='ocrx_word' id='word_1_110' title='bbox 901 1840 1190 1921; x_wconf 84' lang='lat' dir='ltr'>maiora,</span> <span class='ocrx_word' id='word_1_111' title='bbox 1236 1864 1411 1929; x_wconf 85' lang='lat' dir='ltr'>quae</span> <span class='ocrx_word' id='word_1_112' title='bbox 1440 1864 1606 1908; x_wconf 84' lang='lat' dir='ltr'>vero</span> <span class='ocrx_word' id='word_1_113' title='bbox 1639 1864 1677 1904; x_wconf 93' lang='lat' dir='ltr'>e</span> <span class='ocrx_word' id='word_1_114' title='bbox 1707 1840 2078 1906; x_wconf 78' lang='lat' dir='ltr'>maioribus</span> <span class='ocrx_word' id='word_1_115' title='bbox 2111 1836 2375 1901; x_wconf 84' lang='lat' dir='ltr'>minora</span> 
     </span>
     <span class='ocr_line' id='line_1_16' title="bbox 220 1932 2374 2036; baseline -0.007 -22"><span class='ocrx_word' id='word_1_116' title='bbox 220 1995 226 2000; x_wconf 89' lang='lat'>-</span> <span class='ocrx_word' id='word_1_117' title='bbox 285 1970 423 2014; x_wconf 89' lang='lat' dir='ltr'>non</span> <span class='ocrx_word' id='word_1_118' title='bbox 457 1948 636 2036; x_wconf 80' lang='lat' dir='ltr'>poffe</span> <span class='ocrx_word' id='word_1_119' title='bbox 665 1942 1000 2026; x_wconf 85' lang='lat' dir='ltr'>retinere,</span> <span class='ocrx_word' id='word_1_120' title='bbox 1043 1943 1272 2031; x_wconf 90' lang='lat' dir='ltr'>ignem</span> <span class='ocrx_word' id='word_1_121' title='bbox 1305 1955 1533 2010; x_wconf 90' lang='lat' dir='ltr'>autem</span> <span class='ocrx_word' id='word_1_122' title='bbox 1564 1942 1871 2009; x_wconf 89' lang='lat' dir='ltr'>omnium</span> <span class='ocrx_word' id='word_1_123' title='bbox 1914 1932 2374 2007; x_wconf 77' lang='lat' dir='ltr'>minutissimis</span> 
     </span>
     <span class='ocr_line' id='line_1_17' title="bbox 285 2037 2372 2139; baseline -0.007 -23"><span class='ocrx_word' id='word_1_124' title='bbox 285 2049 592 2139; x_wconf 84' lang='lat' dir='ltr'>partibus</span> <span class='ocrx_word' id='word_1_125' title='bbox 629 2047 957 2122; x_wconf 87' lang='lat' dir='ltr'>constare,</span> <span class='ocrx_word' id='word_1_126' title='bbox 1001 2047 1317 2133; x_wconf 86' lang='lat' dir='ltr'>quocirca</span> <span class='ocrx_word' id='word_1_127' title='bbox 1348 2069 1476 2136; x_wconf 85' lang='lat' dir='ltr'>per</span> <span class='ocrx_word' id='word_1_128' title='bbox 1496 2068 1753 2133; x_wconf 35' lang='lat' dir='ltr'>*aquam</span> <span class='ocrx_word' id='word_1_129' title='bbox 1781 2056 1849 2110; x_wconf 89' lang='lat' dir='ltr'>et</span> <span class='ocrx_word' id='word_1_130' title='bbox 1881 2056 2137 2109; x_wconf 87' lang='lat' dir='ltr'>terram</span> <span class='ocrx_word' id='word_1_131' title='bbox 2179 2050 2244 2103; x_wconf 91' lang='lat' dir='ltr'>et</span> <span class='ocrx_word' id='word_1_132' title='bbox 2268 2037 2372 2102; x_wconf 60' lang='lat' dir='ltr'>aiz·-</span> 
     </span>
     <span class='ocr_line' id='line_1_18' title="bbox 284 2140 2374 2239; baseline -0.007 -20"><span class='ocrx_word' id='word_1_133' title='bbox 284 2177 436 2219; x_wconf 84' lang='lat' dir='ltr'>rem</span> <span class='ocrx_word' id='word_1_134' title='bbox 467 2161 534 2214; x_wconf 91' lang='lat' dir='ltr'>et</span> <span class='ocrx_word' id='word_1_135' title='bbox 573 2168 1042 2234; x_wconf 87' lang='lat' dir='ltr'>quaecumque</span> <span class='ocrx_word' id='word_1_136' title='bbox 1085 2170 1170 2213; x_wconf 87' lang='lat' dir='ltr'>ex</span> <span class='ocrx_word' id='word_1_137' title='bbox 1213 2149 1314 2214; x_wconf 85' lang='lat' dir='ltr'>his</span> <span class='ocrx_word' id='word_1_138' title='bbox 1352 2160 1850 2239; x_wconf 83' lang='lat' dir='ltr'>componantur</span> <span class='ocrx_word' id='word_1_139' title='bbox 1882 2147 2220 2238; x_wconf 81' lang='lat' dir='ltr'>pervadat</span> <span class='ocrx_word' id='word_1_140' title='bbox 2261 2140 2374 2206; x_wconf 90' lang='lat' dir='ltr'>ni·—</span> 
     </span>
     <span class='ocr_line' id='line_1_19' title="bbox 283 2246 2370 2342; baseline -0.007 -19"><span class='ocrx_word' id='word_1_141' title='bbox 283 2257 516 2340; x_wconf 80' lang='lat' dir='ltr'>hilqne</span> <span class='ocrx_word' id='word_1_142' title='bbox 552 2272 711 2316; x_wconf 90' lang='lat' dir='ltr'>eum</span> <span class='ocrx_word' id='word_1_143' title='bbox 752 2250 1049 2323; x_wconf 77' lang='lat' dir='ltr'>retinere</span> <span class='ocrx_word' id='word_1_144' title='bbox 1089 2254 1308 2342; x_wconf 69' lang='lat' dir='ltr'>postit.</span> <span class='ocrx_word' id='word_1_145' title='bbox 1360 2254 1545 2320; x_wconf 88' lang='lat' dir='ltr'>idem</span> <span class='ocrx_word' id='word_1_146' title='bbox 1587 2254 1794 2341; x_wconf 84' lang='lat' dir='ltr'>igitur</span> <span class='ocrx_word' id='word_1_147' title='bbox 1838 2252 2038 2317; x_wconf 83' lang='lat' dir='ltr'>etiam</span> <span class='ocrx_word' id='word_1_148' title='bbox 2082 2248 2180 2312; x_wconf 87' lang='lat' dir='ltr'>-de</span> <span class='ocrx_word' id='word_1_149' title='bbox 2218 2246 2370 2310; x_wconf 88' lang='lat' dir='ltr'>alvo</span> 
     </span>
     <span class='ocr_line' id='line_1_20' title="bbox 282 2348 2371 2445; baseline -0.007 -18"><span class='ocrx_word' id='word_1_150' title='bbox 282 2361 506 2427; x_wconf 87' lang='lat' dir='ltr'>nostra</span> <span class='ocrx_word' id='word_1_151' title='bbox 542 2353 967 2421; x_wconf 84' lang='lat' dir='ltr'>statuendum</span> <span class='ocrx_word' id='word_1_152' title='bbox 986 2403 1007 2438; x_wconf 89' lang='lat'>,</span> <span class='ocrx_word' id='word_1_153' title='bbox 1065 2377 1215 2421; x_wconf 87' lang='lat' dir='ltr'>eam</span> <span class='ocrx_word' id='word_1_154' title='bbox 1255 2356 1437 2423; x_wconf 84' lang='lat' dir='ltr'>cibos</span> <span class='ocrx_word' id='word_1_155' title='bbox 1467 2357 1748 2444; x_wconf 89' lang='lat' dir='ltr'>quidem</span> <span class='ocrx_word' id='word_1_156' title='bbox 1780 2366 1847 2420; x_wconf 90' lang='lat' dir='ltr'>et</span> <span class='ocrx_word' id='word_1_157' title='bbox 1869 2366 2073 2445; x_wconf 77' lang='lat' dir='ltr'>potus</span> <span class='ocrx_word' id='word_1_158' title='bbox 2097 2348 2371 2438; x_wconf 88' lang='lat' dir='ltr'>quando</span> 
     </span>
     <span class='ocr_line' id='line_1_21' title="bbox 284 2448 2372 2545; baseline -0.007 -18"><span class='ocrx_word' id='word_1_159' title='bbox 284 2458 647 2528; x_wconf 86' lang='lat' dir='ltr'>inciderint</span> <span class='ocrx_word' id='word_1_160' title='bbox 672 2458 997 2538; x_wconf 80' lang='lat' dir='ltr'>retinere,</span> <span class='ocrx_word' id='word_1_161' title='bbox 1040 2460 1269 2525; x_wconf 76' lang='lat' dir='ltr'>ae&#39;rem</span> <span class='ocrx_word' id='word_1_162' title='bbox 1301 2481 1469 2523; x_wconf 88' lang='lat' dir='ltr'>vero</span> <span class='ocrx_word' id='word_1_163' title='bbox 1487 2470 1554 2523; x_wconf 85' lang='lat' dir='ltr'>et</span> <span class='ocrx_word' id='word_1_164' title='bbox 1580 2460 1809 2545; x_wconf 89' lang='lat' dir='ltr'>ignem</span> <span class='ocrx_word' id='word_1_165' title='bbox 1843 2455 1960 2542; x_wconf 90' lang='lat' dir='ltr'>qui</span> <span class='ocrx_word' id='word_1_166' title='bbox 1978 2448 2372 2518; x_wconf 83' lang='lat' dir='ltr'>minutiori-</span> 
     </span>
     <span class='ocr_line' id='line_1_22' title="bbox 284 2552 2429 2650; baseline -0.007 -22"><span class='ocrx_word' id='word_1_167' title='bbox 284 2560 726 2650; x_wconf 67' lang='lat' dir='ltr'>buspartibusi</span> <span class='ocrx_word' id='word_1_168' title='bbox 743 2561 1039 2623; x_wconf 88' lang='lat' dir='ltr'>constant</span> <span class='ocrx_word' id='word_1_169' title='bbox 1053 2581 1261 2645; x_wconf 86' lang='lat' dir='ltr'>quam</span> <span class='ocrx_word' id='word_1_170' title='bbox 1283 2559 1482 2646; x_wconf 77' lang='lat' dir='ltr'>ipsius</span> <span class='ocrx_word' id='word_1_171' title='bbox 1508 2558 2006 2644; x_wconf 84' lang='lat' dir='ltr'>coagmentatio</span> <span class='ocrx_word' id='word_1_172' title='bbox 2040 2577 2178 2620; x_wconf 92' lang='lat' dir='ltr'>non</span> <span class='ocrx_word' id='word_1_173' title='bbox 2210 2552 2374 2640; x_wconf 85' lang='lat' dir='ltr'>pos·</span> <span class='ocrx_word' id='word_1_174' title='bbox 2425 2622 2429 2626; x_wconf 19' lang='lat'><strong>⁴</strong></span> 
     </span>
     <span class='ocr_line' id='line_1_23' title="bbox 283 2654 2372 2746; baseline -0.007 -15"><span class='ocrx_word' id='word_1_175' title='bbox 283 2669 456 2731; x_wconf 84' lang='lat' dir='ltr'>sunt.</span> <span class='ocrx_word' id='word_1_176' title='bbox 490 2660 594 2727; x_wconf 88' lang='lat' dir='ltr'>his</span> <span class='ocrx_word' id='word_1_177' title='bbox 622 2659 829 2746; x_wconf 83' lang='lat' dir='ltr'>igitur</span> <span class='ocrx_word' id='word_1_178' title='bbox 846 2663 1004 2724; x_wconf 82' lang='lat' dir='ltr'>usus</span> <span class='ocrx_word' id='word_1_179' title='bbox 1040 2663 1128 2726; x_wconf 88' lang='lat' dir='ltr'>est</span> <span class='ocrx_word' id='word_1_180' title='bbox 1145 2661 1309 2727; x_wconf 86' lang='lat' dir='ltr'>deus</span> <span class='ocrx_word' id='word_1_181' title='bbox 1332 2663 1412 2726; x_wconf 88' lang='lat' dir='ltr'>ad</span> <span class='ocrx_word' id='word_1_182' title='bbox 1451 2684 1658 2729; x_wconf 83' lang='lat' dir='ltr'>venas</span> <span class='ocrx_word' id='word_1_183' title='bbox 1688 2686 1774 2728; x_wconf 85' lang='lat' dir='ltr'>ex</span> <span class='ocrx_word' id='word_1_184' title='bbox 1790 2663 1943 2728; x_wconf 86' lang='lat' dir='ltr'>alvo</span> <span class='ocrx_word' id='word_1_185' title='bbox 1973 2654 2372 2743; x_wconf 75' lang='lat' dir='ltr'>irrigandae,</span> 
     </span>
     <span class='ocr_line' id='line_1_24' title="bbox 283 2763 2370 2851; baseline -0.006 -19"><span class='ocrx_word' id='word_1_186' title='bbox 283 2763 650 2832; x_wconf 86' lang='lat' dir='ltr'>reticulum</span> <span class='ocrx_word' id='word_1_187' title='bbox 686 2783 773 2827; x_wconf 84' lang='lat' dir='ltr'>ex</span> <span class='ocrx_word' id='word_1_188' title='bbox 803 2763 963 2829; x_wconf 61' lang='lat' dir='ltr'>a‘elre</span> <span class='ocrx_word' id='word_1_189' title='bbox 990 2775 1058 2828; x_wconf 88' lang='lat' dir='ltr'>et</span> <span class='ocrx_word' id='word_1_190' title='bbox 1099 2763 1256 2850; x_wconf 83' lang='lat' dir='ltr'>i&#39;gne</span> <span class='ocrx_word' id='word_1_191' title='bbox 1283 2765 1516 2851; x_wconf 84' lang='lat' dir='ltr'>quales</span> <span class='ocrx_word' id='word_1_192' title='bbox 1548 2771 1768 2832; x_wconf 81' lang='lat' dir='ltr'>nassae</span> <span class='ocrx_word' id='word_1_193' title='bbox 1804 2766 1960 2828; x_wconf 85' lang='lat' dir='ltr'>sunt</span> <span class='ocrx_word' id='word_1_194' title='bbox 1985 2771 2370 2836; x_wconf 80' lang='lat' dir='ltr'>contexens,</span> 
     </span>
     <span class='ocr_line' id='line_1_25' title="bbox 284 2862 2372 2956; baseline -0.006 -20"><span class='ocrx_word' id='word_1_195' title='bbox 284 2870 448 2936; x_wconf 80' lang='lat' dir='ltr'>duas</span> <span class='ocrx_word' id='word_1_196' title='bbox 488 2866 565 2930; x_wconf 90' lang='lat' dir='ltr'>in</span> <span class='ocrx_word' id='word_1_197' title='bbox 605 2865 887 2930; x_wconf 88' lang='lat' dir='ltr'>introitu</span> <span class='ocrx_word' id='word_1_198' title='bbox 919 2868 1388 2934; x_wconf 68' lang='lat' dir='ltr'>‚convexitates</span> <span class='ocrx_word' id='word_1_199' title='bbox 1443 2868 1718 2950; x_wconf 76' lang='lat' dir='ltr'>habens,</span> <span class='ocrx_word' id='word_1_200' title='bbox 1760 2888 2048 2956; x_wconf 87' lang='lat' dir='ltr'>quarum</span> <span class='ocrx_word' id='word_1_201' title='bbox 2086 2862 2372 2928; x_wconf 77' lang='lat' dir='ltr'>alteram</span> 
     </span>
     <span class='ocr_line' id='line_1_26' title="bbox 282 2959 2375 3058; baseline -0.007 -19"><span class='ocrx_word' id='word_1_202' title='bbox 282 2973 513 3039; x_wconf 83' lang='lat' dir='ltr'>rursus</span> <span class='ocrx_word' id='word_1_203' title='bbox 542 2967 887 3035; x_wconf 84' lang='lat' dir='ltr'>contexuit</span> <span class='ocrx_word' id='word_1_204' title='bbox 913 2968 1297 3058; x_wconf 80' lang='lat' dir='ltr'>bicipitem3</span> <span class='ocrx_word' id='word_1_205' title='bbox 1341 2982 1480 3036; x_wconf 75' lang='lat' dir='ltr'>eta</span> <span class='ocrx_word' id='word_1_206' title='bbox 1510 2970 2046 3037; x_wconf 79' lang='lat' dir='ltr'>convexitatibus</span> <span class='ocrx_word' id='word_1_207' title='bbox 2071 2959 2375 3033; x_wconf 85' lang='lat' dir='ltr'>extendit</span> 
     </span>
     <span class='ocr_line' id='line_1_27' title="bbox 283 3064 2374 3161; baseline -0.005 -22"><span class='ocrx_word' id='word_1_208' title='bbox 283 3087 630 3159; x_wconf 82' lang='lat' dir='ltr'>tamquam</span> <span class='ocrx_word' id='word_1_209' title='bbox 679 3069 1488 3142; x_wconf 67' lang='lat' dir='ltr'>funiculoscircumcirca</span> <span class='ocrx_word' id='word_1_210' title='bbox 1513 3098 1637 3161; x_wconf 88' lang='lat' dir='ltr'>per</span> <span class='ocrx_word' id='word_1_211' title='bbox 1672 3087 1895 3141; x_wconf 82' lang='lat' dir='ltr'>totum</span> <span class='ocrx_word' id='word_1_212' title='bbox 1930 3074 2014 3138; x_wconf 86' lang='lat' dir='ltr'>ad</span> <span class='ocrx_word' id='word_1_213' title='bbox 2045 3064 2374 3136; x_wconf 82' lang='lat' dir='ltr'>extremi·-</span> 
     </span>
     <span class='ocr_line' id='line_1_28' title="bbox 285 3174 2373 3264; baseline -0.005 -20"><span class='ocrx_word' id='word_1_214' title='bbox 285 3189 455 3244; x_wconf 81' lang='lat' dir='ltr'>tates</span> <span class='ocrx_word' id='word_1_215' title='bbox 484 3174 870 3241; x_wconf 87' lang='lat' dir='ltr'>reticulum.</span> <span class='ocrx_word' id='word_1_216' title='bbox 930 3186 994 3240; x_wconf 89' lang='lat' dir='ltr'>et</span> <span class='ocrx_word' id='word_1_217' title='bbox 1029 3175 1391 3263; x_wconf 81' lang='lat' dir='ltr'>interiores</span> <span class='ocrx_word' id='word_1_218' title='bbox 1430 3177 1714 3264; x_wconf 78' lang='lat' dir='ltr'>‘quidem</span> <span class='ocrx_word' id='word_1_219' title='bbox 1760 3177 1928 3242; x_wconf 82' lang='lat' dir='ltr'>texti</span> <span class='ocrx_word' id='word_1_220' title='bbox 1964 3185 2184 3263; x_wconf 77' lang='lat' dir='ltr'>partes</span> <span class='ocrx_word' id='word_1_221' title='bbox 2215 3191 2373 3235; x_wconf 89' lang='lat' dir='ltr'>om-</span> 
     </span>
     <span class='ocr_line' id='line_1_29' title="bbox 281 3271 2373 3366; baseline -0.005 -22"><span class='ocrx_word' id='word_1_222' title='bbox 281 3303 401 3344; x_wconf 87' lang='lat' dir='ltr'>nes</span> <span class='ocrx_word' id='word_1_223' title='bbox 439 3301 523 3343; x_wconf 87' lang='lat' dir='ltr'>ex</span> <span class='ocrx_word' id='word_1_224' title='bbox 550 3277 702 3363; x_wconf 87' lang='lat' dir='ltr'>igne</span> <span class='ocrx_word' id='word_1_225' title='bbox 733 3279 1148 3366; x_wconf 87' lang='lat' dir='ltr'>composuit,</span> <span class='ocrx_word' id='word_1_226' title='bbox 1207 3280 1669 3344; x_wconf 78' lang='lat' dir='ltr'>convexitates</span> <span class='ocrx_word' id='word_1_227' title='bbox 1699 3290 1928 3344; x_wconf 87' lang='lat' dir='ltr'>autem</span> <span class='ocrx_word' id='word_1_228' title='bbox 1957 3287 2024 3341; x_wconf 90' lang='lat' dir='ltr'>et</span> <span class='ocrx_word' id='word_1_229' title='bbox 2064 3271 2373 3361; x_wconf 89' lang='lat' dir='ltr'>comple-</span> 
     </span>
     <span class='ocr_line' id='line_1_30' title="bbox 279 3373 2376 3468; baseline -0.005 -23"><span class='ocrx_word' id='word_1_230' title='bbox 279 3404 451 3446; x_wconf 87' lang='lat' dir='ltr'>xum</span> <span class='ocrx_word' id='word_1_231' title='bbox 489 3379 664 3445; x_wconf 72' lang='lat' dir='ltr'>ae&#39;ris</span> <span class='ocrx_word' id='word_1_232' title='bbox 714 3380 1005 3468; x_wconf 86' lang='lat' dir='ltr'>speciem</span> <span class='ocrx_word' id='word_1_233' title='bbox 1054 3379 1384 3446; x_wconf 73' lang='lat' dir='ltr'>habentes</span> <span class='ocrx_word' id='word_1_234' title='bbox 1423 3380 1644 3448; x_wconf 81' lang='lat' dir='ltr'>finxit.</span> <span class='ocrx_word' id='word_1_235' title='bbox 1701 3391 1904 3466; x_wconf 88' lang='lat' dir='ltr'>atque</span> <span class='ocrx_word' id='word_1_236' title='bbox 1942 3381 2210 3442; x_wconf 84' lang='lat' dir='ltr'>sumens</span> <span class='ocrx_word' id='word_1_237' title='bbox 2240 3373 2376 3436; x_wconf 85' lang='lat' dir='ltr'>hoc</span> 
     </span>
     <span class='ocr_line' id='line_1_31' title="bbox 280 3475 2371 3553; baseline -0.005 -6"><span class='ocrx_word' id='word_1_238' title='bbox 280 3480 701 3547; x_wconf 85' lang='lat' dir='ltr'>circumiecit</span> <span class='ocrx_word' id='word_1_239' title='bbox 751 3482 1028 3548; x_wconf 88' lang='lat' dir='ltr'>animali</span> <span class='ocrx_word' id='word_1_240' title='bbox 1069 3481 1362 3553; x_wconf 85' lang='lat' dir='ltr'>formato</span> <span class='ocrx_word' id='word_1_241' title='bbox 1407 3483 1536 3549; x_wconf 88' lang='lat' dir='ltr'>hac</span> <span class='ocrx_word' id='word_1_242' title='bbox 1569 3481 1855 3548; x_wconf 86' lang='lat' dir='ltr'>ratione.</span> <span class='ocrx_word' id='word_1_243' title='bbox 1912 3475 2371 3547; x_wconf 75' lang='lat' dir='ltr'>convexitates</span> 
     </span>
     <span class='ocr_line' id='line_1_32' title="bbox 278 3580 2375 3672; baseline -0.002 -23"><span class='ocrx_word' id='word_1_244' title='bbox 278 3584 353 3650; x_wconf 92' lang='lat' dir='ltr'>in</span> <span class='ocrx_word' id='word_1_245' title='bbox 389 3607 461 3649; x_wconf 83' lang='lat' dir='ltr'>os</span> <span class='ocrx_word' id='word_1_246' title='bbox 495 3581 795 3663; x_wconf 72' lang='lat' dir='ltr'>demiffl,</span> <span class='ocrx_word' id='word_1_247' title='bbox 856 3583 1155 3671; x_wconf 79' lang='lat' dir='ltr'>duplices</span> <span class='ocrx_word' id='word_1_248' title='bbox 1192 3607 1358 3650; x_wconf 73' lang='lat' dir='ltr'>vero</span> <span class='ocrx_word' id='word_1_249' title='bbox 1392 3608 1621 3672; x_wconf 84' lang='lat' dir='ltr'>quum-</span> <span class='ocrx_word' id='word_1_250' title='bbox 1647 3585 1777 3650; x_wconf 87' lang='lat' dir='ltr'>hae</span> <span class='ocrx_word' id='word_1_251' title='bbox 1807 3588 2040 3660; x_wconf 84' lang='lat' dir='ltr'>effent,</span> <span class='ocrx_word' id='word_1_252' title='bbox 2084 3580 2375 3654; x_wconf 78' lang='lat' dir='ltr'>alteram.</span> 
     </span>
     <span class='ocr_line' id='line_1_33' title="bbox 279 3679 2374 3777; baseline -0.002 -25"><span class='ocrx_word' id='word_1_253' title='bbox 279 3712 407 3777; x_wconf 86' lang='lat' dir='ltr'>per</span> <span class='ocrx_word' id='word_1_254' title='bbox 437 3686 720 3753; x_wconf 78' lang='lat' dir='ltr'>arterias</span> <span class='ocrx_word' id='word_1_255' title='bbox 743 3684 818 3750; x_wconf 88' lang='lat' dir='ltr'>in</span> <span class='ocrx_word' id='word_1_256' title='bbox 850 3687 1245 3773; x_wconf 85' lang='lat' dir='ltr'>pulmonem</span> <span class='ocrx_word' id='word_1_257' title='bbox 1271 3686 1531 3762; x_wconf 60' lang='lat' dir='ltr'>deiecit,</span> <span class='ocrx_word' id='word_1_258' title='bbox 1544 3688 1826 3755; x_wconf 84' lang='lat' dir='ltr'>alteram</span> <span class='ocrx_word' id='word_1_259' title='bbox 1855 3686 1928 3752; x_wconf 90' lang='lat' dir='ltr'>in</span> <span class='ocrx_word' id='word_1_260' title='bbox 1955 3684 2186 3755; x_wconf 86' lang='lat' dir='ltr'>alvum</span> <span class='ocrx_word' id='word_1_261' title='bbox 2209 3679 2374 3748; x_wconf 83' lang='lat' dir='ltr'>iux-</span> 
     </span>
     <span class='ocr_line' id='line_1_34' title="bbox 279 3788 2374 3880; baseline -0.001 -24"><span class='ocrx_word' id='word_1_262' title='bbox 279 3802 348 3856; x_wconf 86' lang='lat' dir='ltr'>ta</span> <span class='ocrx_word' id='word_1_263' title='bbox 393 3788 717 3869; x_wconf 83' lang='lat' dir='ltr'>arterias3</span> <span class='ocrx_word' id='word_1_264' title='bbox 776 3789 1062 3856; x_wconf 86' lang='lat' dir='ltr'>alteram</span> <span class='ocrx_word' id='word_1_265' title='bbox 1081 3815 1090 3837; x_wconf 72' lang='lat'><em>³</em></span> <span class='ocrx_word' id='word_1_266' title='bbox 1118 3813 1283 3856; x_wconf 85' lang='lat' dir='ltr'>vero</span> <span class='ocrx_word' id='word_1_267' title='bbox 1322 3788 1679 3855; x_wconf 78' lang='lat' dir='ltr'>diffindens</span> <span class='ocrx_word' id='word_1_268' title='bbox 1710 3800 1973 3880; x_wconf 80' lang='lat' dir='ltr'>partem</span> <span class='ocrx_word' id='word_1_269' title='bbox 2009 3796 2374 3875; x_wconf 85' lang='lat' dir='ltr'>utramque</span> 
     </span>
     <span class='ocr_line' id='line_1_35' title="bbox 278 3890 2375 3981; baseline 0.002 -26"><span class='ocrx_word' id='word_1_270' title='bbox 278 3912 407 3981; x_wconf 88' lang='lat' dir='ltr'>per</span> <span class='ocrx_word' id='word_1_271' title='bbox 448 3892 712 3957; x_wconf 86' lang='lat' dir='ltr'>canales</span> <span class='ocrx_word' id='word_1_272' title='bbox 752 3893 883 3956; x_wconf 85' lang='lat' dir='ltr'>nafi</span> <span class='ocrx_word' id='word_1_273' title='bbox 912 3892 1169 3959; x_wconf 82' lang='lat' dir='ltr'>demifit</span> <span class='ocrx_word' id='word_1_274' title='bbox 1199 3913 1680 3973; x_wconf 85' lang='lat' dir='ltr'>communem,</span> <span class='ocrx_word' id='word_1_275' title='bbox 1723 3903 1822 3975; x_wconf 67' lang='lat' dir='ltr'>ut„</span> <span class='ocrx_word' id='word_1_276' title='bbox 1866 3890 2133 3979; x_wconf 86' lang='lat' dir='ltr'>quando</span> <span class='ocrx_word' id='word_1_277' title='bbox 2161 3891 2375 3960; x_wconf 82' lang='lat' dir='ltr'>altera</span> 
     </span>
     <span class='ocr_line' id='line_1_36' title="bbox 275 3993 2374 4083; baseline 0.001 -24"><span class='ocrx_word' id='word_1_278' title='bbox 275 4016 439 4083; x_wconf 75' lang='lat' dir='ltr'>pars</span> <span class='ocrx_word' id='word_1_279' title='bbox 473 4016 613 4060; x_wconf 91' lang='lat' dir='ltr'>non</span> <span class='ocrx_word' id='word_1_280' title='bbox 660 4016 783 4083; x_wconf 84' lang='lat' dir='ltr'>per</span> <span class='ocrx_word' id='word_1_281' title='bbox 811 4017 884 4061; x_wconf 78' lang='lat' dir='ltr'>os</span> <span class='ocrx_word' id='word_1_282' title='bbox 914 3995 1080 4076; x_wconf 84' lang='lat' dir='ltr'>iret,</span> <span class='ocrx_word' id='word_1_283' title='bbox 1138 4016 1224 4059; x_wconf 79' lang='lat' dir='ltr'>ex</span> <span class='ocrx_word' id='word_1_284' title='bbox 1243 3993 1373 4061; x_wconf 81' lang='lat' dir='ltr'>hac</span> <span class='ocrx_word' id='word_1_285' title='bbox 1403 4015 1640 4060; x_wconf 82' lang='lat' dir='ltr'>omnes</span> <span class='ocrx_word' id='word_1_286' title='bbox 1673 3993 1874 4062; x_wconf 86' lang='lat' dir='ltr'>etiam</span> <span class='ocrx_word' id='word_1_287' title='bbox 1907 3994 2086 4069; x_wconf 81' lang='lat' dir='ltr'>illius</span> <span class='ocrx_word' id='word_1_288' title='bbox 2119 3995 2374 4065; x_wconf 81' lang='lat' dir='ltr'>fluxio-</span> 
     </span>
    </p>
   </div>
  </div>
 </body>
</html>
