2738 4600
1047 371 1574 444 τιΜΑΕυε.
2121 318 2132 327 ’
2240 378 2366 474 149

264 543 543 613 molitus
579 554 805 611 autem
851 545 939 610 est
965 543 1061 611 ita
1094 543 1540 612 distribuere..
1563 542 1772 623 unam
1810 547 2146 639 principio
2190 573 2364 639 par·-

264 662 409 716 tem
435 647 724 715 detraxit
769 668 857 711 ex
885 657 1056 719 toto,
1102 650 1247 733 post
1272 648 1453 715 hanc
1503 650 1768 737 primae
1803 653 2012 739 partis
2057 653 2356 743 duplam,

265 755 508 820 deinde
545 750 820 817 tertiam
874 749 1374 835 sesquialteram
1421 753 1788 836 secundae,
1848 756 2124 844 triplam
2190 781 2360 825 vero

259 854 812 948 primae,deinde
843 866 1156 939 quartam
1186 855 1515 921 secundae
1535 856 1845 945 duplam,
1867 859 2173 946 quintam
2198 863 2361 929 inde

258 960 499 1026 tertiae
529 958 827 1046 triplam,
850 968 1002 1023 tum
1027 958 1279 1023 sextam
1312 958 1576 1045 primae
1616 962 1983 1049 octuplam,
2029 962 2355 1050 postremo

256 1062 618 1152 septimam
656 1083 827 1146 quae
874 1061 1126 1147 septem
1169 1074 1240 1127 et
1293 1061 1539 1148 viginti
1577 1063 1888 1153 partibus
1931 1067 2358 1133 antecederet

256 1167 545 1255 primae.
604 1163 848 1230 deinde
886 1164 1160 1231 instituit
1214 1163 1422 1255 dupla
1465 1180 1536 1233 et
1579 1168 1781 1256 tripla
1822 1160 2186 1237 intervalla
2227 1162 2357 1238 ex'-

252 1270 486 1358 ple're‚
529 1279 756 1356 partes
785 1266 1232 1334 rursusillinc
1256 1269 1567 1334 desecans
1592 1281 1662 1334 et
1695 1270 1769 1336 in
1808 1271 2080 1341 illorum
2107 1275 2352 1341 -medio

252 1371 349 1438 ita
375 1373 609 1437 locans
632 1382 713 1434 ut
741 1369 815 1436 in
843 1371 1124 1455 singulis*
1142 1371 1513 1438 intervallis
1539 1372 1699 1441 bina
1730 1379 1934 1442 effent
1958 1376 2214 1458 media,
2252 1379 2354 1467 al·—

250 1485 482 1539 terum
512 1472 749 1539 eadem
783 1483 981 1558 parte
1003 1477 1344 1560 praestans
1379 1478 1700 1543 extremis
1739 1479 2106 1565 eademque
2145 1481 2354 1569 supe-

249 1590 490 1643 ratum
512 1624 532 1655 ,
574 1576 866 1639 alterum
895 1576 1044 1661 pari
1073 1599 1361 1644 numero
1395 1581 1726 1669 praestans
1768 1594 1834 1646 et
1880 1582 2028 1664 pari
2065 1583 2352 1668 supera-

248 1693 430 1745 tum.
493 1676 933 1763 sesquialteris
976 1691 1202 1746 autem
1252 1679 1625 1757 intervallis
1677 1694 1745 1748 et
1791 1685 2231 1771 sesquitertiis
2284 1695 2353 1748 et

248 1778 747 1866 sesquioctavis
801 1779 961 1846 ortis
1018 1780 1108 1848 e'x
1143 1782 1249 1851 his
1295 1782 1830 1869 colligationibus
1876 1787 1950 1852 in
1996 1784 2346 1873 prioribus

245 1879 678 1964 intervallis,
735 1880 1198 1968 sesquioctavo
1255 1885 1615 1951 intervallo
1657 1886 2081 1973 sesquitertia
2123 1885 2352 1953 omnia

245 1984 579 2073 explevit,
599 2006 807 2069 quum
837 1985 1237 2075 particulam
1266 1990 1681 2075 fingulorum
1706 1989 2148 2076 relinqueret,
2166 1987 2350 2056 cuius

244 2084 533 2174 quidem
564 2087 936 2173 particulae
962 2089 1399 2156 intervallum
1430 2092 1739 2159 relictum
1779 2092 2048 2157 numeri
2089 2091 2175 2157 ad
2210 2114 2350 2157 nu-

243 2211 528 2253 merum
557 2188 847 2255 habebat
874 2185 1195 2257 terminos
1223 2193 1669 2260 ducentorum
1701 2192 2190 2283 quinquaginta
2226 2195 2347 2260 sex

240 2293 334 2358 ad
370 2291 658 2358 ducenta
688 2293 1134 2381 quadraginta
1162 2296 1325 2362 tria?
1361 2305 1566 2385 atq'ue
1598 2297 1696 2364 ita
1724 2297 2142 2387 permixtum
2171 2296 2345 2364 illud

246 2418 334 2461 ex
384 2418 521 2483 quo
556 2395 735 2490 *haec
775 2398 1294 2479 secuerat,‘iam
1342 2422 1548 2464 omne
1584 2402 2108 2488 consumpserat.
2166 2398 2345 2465 hanc

177 2519 180 2523 ’
242 2499 459 2588 igitur
494 2521 794 2574 ,omnem
843 2501 1392 2568 coniunctionem
1442 2499 1787 2589 duplicem
1846 2502 1921 2567 in
1974 2500 2347 2587 longitudi-

241 2626 415 2670 nem
463 2601 738 2682 diffidit,
781 2602 1080 2668 mediam
1109 2610 1472 2689 utramque
1504 2603 1770 2678 mediae
1812 2602 1913 2669 ita
1957 2625 2344 2669 accommo-

242 2707 421 2772 dans
454 2716 530 2768 ut
555 2705 737 2789 quafi
764 2703 1029 2769 litterae
1055 2705 1122 2770 X
1149 2706 1351 2770 instar
1382 2705 1800 2789 obtinerent3
1843 2706 2094 2773 deinde
2119 2706 2190 2772 in
2222 2729 2344 2772 or·-

241 2810 407 2875 bem
438 2809 647 2888 torfit,
693 2806 1110 2894 coniungens
1139 2807 1314 2894 ipsas
1343 2807 1570 2873 secum
1599 2820 1668 2874 et
1696 2810 1877 2878 inter
1901 2810 1969 2874 se
2002 2832 2041 2874 e
2065 2810 2343 2897 regione

244 2897 730 2984 co'mmiffurae,
761 2919 1086 2994 motuque
1107 2912 1339 2976 eadem
1365 2910 1628 2977 ratione
1653 2923 1722 2977 et
1748 2912 1821 2977 in
1847 2911 2088 2978 eodem
2116 2914 2190 2978 in
2219 2936 2342 2980 or·-

243 3014 407 3079 bem
439 3011 848 3080 circumacto
882 3034 996 3077 eas
1025 3011 1460 3081 circumcirca
1482 3016 1875 3105 complexus
1909 3018 2018 3098 est,
2047 3016 2337 3082 alterum

244 3115 523 3204 quidem
550 3116 786 3181 orbem
818 3116 1222 3183 exteriorem
1254 3115 1572 3199 efficiens,
1596 3120 1887 3184 alterum
1918 3119 2336 3185 interiorem.

244 3230 446 3305 atque
493 3217 895 3284 exteriorem
939 3219 1207 3307 quidem
1261 3221 1637 3288 motionem
1680 3222 1984 3290 eiusdem
2028 3233 2339 3301 naturae,

244 3320 635 3388 interiorem
696 3344 862 3387 vero
901 3323 1174 3388 alterius
1231 3323 1652 3407 nominavit3
1710 3335 1776 3391 et
1831 3348 1991 3392 eum
2033 3325 2152 3412 qui
2192 3333 2337 3387 erat

180 3501 189 3510 ι
245 3422 551 3489 eiusdem
595 3437 881 3492 naturae
924 3449 967 3492 a
1011 3426 1217 3492 latere
1260 3426 1332 3492 in
1382 3426 1700 3493 dextram·
1738 3439 2002 3516 partem
2044 3424 2335 3500 detorsit,

246 3525 524 3591 alterius
558 3538 779 3593 autem
817 3539 1098 3594 naturae
1131 3535 1395 3595 motum
1432 3554 1472 3595 a
1504 3528 1728 3596 media
1753 3530 1930 3595 linea
1970 3524 2224 3591 direxit
2249 3525 2334 3590 ad
2425 3612 2432 3619 =

244 3629 537 3694 laevam.
572 3629 1019 3715 principatum
1044 3652 1208 3696 vero
1240 3631 1423 3697 dedit
1453 3632 1756 3697 eiusdem
1790 3641 1859 3695 et
1893 3624 2189 3715 aequalis
2207 3649 2339 3694 na-

245 3741 441 3796 turae
489 3733 945 3813 converfioni3
1002 3732 1175 3800 hanc
1219 3733 1400 3800 enim
1441 3737 1652 3799 solam
1696 3728 2335 3799 individuam-reli·
2419 3719 2496 3794 ΛΕ*

246 3834 389 3918 quit
409 3845 434 3907 ‚'
488 3833 887 3902 interiorem
942 3848 1169 3902 autem
1211 3857 1423 3923 quum
1465 3837 1537 3901 in
1578 3837 1694 3901 sex
1738 3842 1967 3923 partes
2008 3829 2334 3918 divififfet,

241 3937 495 4023 septem
526 3935 720 4002 orbes
758 3937 1062 4025 dispares
1096 3937 1287 4028 dupli
1333 3950 1402 4003 et
1434 3936 1625 4025 tripli
1655 3933 2019 4001 intervallo
2043 3955 2331 4023 quoque,

242 4039 590 4126 utriusque
624 4062 841 4125 quum
873 4042 1004 4106 tria
1044 4046 1282 4123 essent,
1325 4037 1677 4106 contrariis
1706 4038 1890 4104 inter
1925 4039 1996 4104 se
2039 4040 2330 4105 cursibus

242 4141 504 4209 moveri
530 4141 740 4229 iussit,
766 4165 1006 4217 eorum
1036 4155 1265 4211 autem
1292 4142 1498 4210 trium
1531 4140 1693 4210 fecit
1716 4164 1912 4233 pares
1937 4143 2327 4212 celeritates,
