2738 4600
1059 302 1502 433 PoLl'riA
1559 346 1642 415 x.
1767 346 1771 354 ·
2307 353 2387 438 67

250 552 256 561 ·
307 522 482 590 riam
524 516 1028 608 occupationem
1072 517 1532 585 imitationem
1556 569 1575 601 ‚
1636 531 1702 585 et
1749 542 1859 586 eos
1897 520 2017 607 qui
2066 524 2388 611 tragicam

302 628 523 716 poie’fin
568 624 895 712 attingant
939 621 1242 689 iambicis
1292 636 1360 688 et
1403 623 1628 688 herois
1673 621 1961 688 verfibus
1998 647 2233 692 omnes
2258 633 2386 695 esse

298 730 667 797 imitatores
697 750 904 814 quam
931 724 1234 791 maxime
1258 723 1414 789 fieri
1442 726 1657 812 posfit.
1748 724 1924 792 Sane
1962 726 2252 811 quidem.

465 830 562 899 At
609 830 874 909 hercle,
937 829 1218 914 inquam
1239 874 1258 908 ,
1317 828 1574 893 imitari
1618 827 1782 892 illud
1838 848 2063 893 nonne
2101 829 2385 898 tertium

290 934 443 1001 fere
470 937 560 999 est
595 957 636 999 a
673 934 985 1000 veritate?
1030 953 1119 997 an
1144 948 1280 994 non
1310 928 1453 997 ita?
1496 931 1610 995 lta.
1683 930 1793 996 Ad
1818 954 2184 1017 quamnam
2216 956 2384 1001 vero

291 1061 530 1104 rerum
581 1036 1034 1102 humanarum
1090 1031 1232 1099 vim
1277 1031 1482 1096 habet
1525 1054 1730 1117 quam
1774 1032 2029 1104 habet?
2119 1038 2223 1103 De
2251 1060 2385 1124 quo

292 1142 539 1230 rogas?
585 1142 690 1204 De
717 1138 870 1203 hoc.
906 1136 1135 1201 eadem
1173 1134 1367 1199 nobis
1401 1136 1791 1222 magnitudo
1809 1138 2119 1203 cominus
2141 1150 2206 1203 et
2228 1140 2387 1205 emi·

292 1266 420 1308 nus
445 1245 738 1330 spectata
762 1263 902 1306 non
932 1237 1225 1324 aequalis
1258 1238 1545 1302 videtur.
1634 1239 1925 1305 Minime
1963 1263 2157 1311 vero.
2246 1242 2389 1309 Nec

294 1368 514 1412 curva
545 1357 616 1410 et.
642 1354 823 1409 recta
848 1353 990 1406 tam
1019 1340 1092 1405 in
1116 1361 1294 1423 aqua
1322 1328 1772 1429 spectantibus
1795 1364 2003 1429 quam
2032 1356 2246 1423 extra,
2265 1368 2394 1429 ne-m

297 1469 432 1535 que
463 1448 662 1513 etiam
694 1467 861 1511 cava
904 1456 968 1507 et
1000 1442 1366 1509 eminentia
1392 1456 1681 1532 propter
1726 1446 1907 1523 visus
1941 1447 2014 1510 in
2043 1447 2385 1512 coloribus

295 1571 602 1615 errorem
625 1597 644 1628 ,
691 1562 759 1613 et
786 1547 1157 1612 universam
1199 1548 1373 1613 hanc
1409 1548 1618 1635 liquet
1652 1551 2238 1635 perturbationem
2270 1554 2388 1619 in·-

297 1658 426 1720 effe
466 1653 541 1716 in
582 1649 806 1715 animo
839 1652 1095 1727 nostro3
1140 1652 1213 1713 in
1242 1670 1447 1733 quam
1487 1651 1761 1735 quidem
1805 1665 2087 1719 naturae
2127 1657 2388 1720 nostrae

299 1753 720 1820 affectionem
748 1752 1017 1841 pictura
1050 1773 1222 1835 quae
1266 1773 1508 1814 verum
1539 1755 1802 1817 simulat
1827 1753 2152 1820 invadens
2186 1779 2389 1841 prae-

294 1858 637 1944 stigiarum
665 1856 833 1920 nihil
869 1850 1353 1941 praetermittit
1391 1862 1458 1914 et
1501 1874 1611 1920 ars
1639 1854 1979 1920 miraculis
2013 1858 2390 1943 decipiendi

296 1972 365 2028 et
388 1961 558 2025 aliae
582 1960 837 2025 multae
869 1951 1261 2019 huiusmodi
1296 1951 1852 2019 machinationes.
1899 1959 2093 2026 Vera.
2143 1960 2390 2025 Nonne

299 2076 530 2128 autem
554 2058 874 2150 metiendi
923 2070 991 2119 et
1015 2054 1419 2118 numerandi
1458 2067 1528 2120 et
1572 2056 1984 2142 ponder-andi
2017 2073 2191 2126 artes
2223 2063 2386 2126 sub-

297 2164 460 2230 fidia
494 2161 843 2226 bellissima
870 2159 1001 2223 illis
1031 2169 1333 2243 repertae
1358 2158 1547 2230 sunt,
1595 2168 1668 2222 ut
1698 2182 1787 2222 ne
1811 2159 2097 2249 imperet
2142 2165 2214 2230 in
2254 2190 2383 2231 no..

298 2265 401 2331 bis
429 2265 495 2330 id
532 2264 712 2350 quod
751 2261 1060 2326 videatur
1081 2259 1297 2324 maius
1338 2262 1443 2326 vel
1475 2258 1704 2326 minus
1737 2264 1844 2330 vel
1887 2266 2037 2350 plus
2088 2270 2193 2332 vel
2224 2289 2383 2354 gra-

294 2369 471 2449 vius,
488 2368 597 2432 sed
617 2366 683 2430 id
718 2364 894 2449 quod
924 2375 1233 2427 numeret
1264 2364 1664 2428 etmetiatur
1681 2369 2386 2456 etponderetssQuid-

294 2472 413 2541 111².
462 2468 667 2555 Atqui
696 2468 829 2531 hoc
856 2465 999 2530 eius
1028 2464 1240 2529 animi
1271 2465 1482 2549 partis
1529 2489 1701 2554 opus
1734 2469 1863 2531 erit
1905 2490 2078 2557 quae
2107 2470 2384 2537 rationis

298 2577 388 2640 est
422 2573 767 2659 particeps,
796 2569 958 2633 Eius
985 2589 1166 2630 vero.
1217 2568 1390 2632 Huic
1420 2580 1652 2633 autem
1683 2568 1840 2633 li‘cet
1867 2571 2126 2660 saepius
2158 2574 2383 2639 mensa

297 2680 378 2743 fit
413 2687 480 2740 et
504 2671 820 2759 fignificet
850 2671 1100 2734 maiora
1134 2674 1261 2735 effe
1276 2672 1388 2735 vel
1407 2669 1669 2735 minora
1685 2672 1810 2735 alia
1828 2672 1972 2737 aliis
1987 2683 2106 2737 aut
2138 2694 2384 2759 aequa·

295 2779 424 2860 ha,
470 2771 804 2840 contraria
839 2774 1159 2837 videntur
1188 2771 1377 2835 fimul
1418 2772 1503 2834 de
1543 2773 1744 2839 rebus
1775 2775 2046 2839 eisdem.
2126 2774 2375 2844 Etiam.

296 2881 539 2947 Nonne
579 2897 744 2938 vero
801 2873 1091 2938 diximus
1140 2872 1286 2938 fieri
1336 2897 1478 2938 ⁴non
1535 2881 1715 2963 poffe
1753 2889 1830 2940 ut
1882 2877 2119 2942 eadem
2170 2874 2384 2939 animi

296 2991 490 3070 parte
519 2977 713 3043 simul
744 2975 826 3040 de
859 2976 1106 3041 eisdem
1138 2978 1474 3042 contraria
1506 2976 1651 3062 quis
1683 2977 2046 3064 opinetur?
2081 2978 2174 3043 Ac
2203 2990 2384 3041 certe

297 3084 571 3169 quidem
613 3078 675 3142 id
709 3077 1031 3168 diximus,
1119 3079 1219 3143 Ea
1243 3077 1452 3164 igitur
1496 3079 1706 3142 animi
1755 3102 1913 3167 pars
1941 3103 2112 3165 quae
2145 3090 2385 3142 contra

296 3185 683 3248 mensuram
732 3183 1050 3266 opinatur
1083 3205 1217 3245 non
1255 3181 1491 3245 eadem
1533 3179 1661 3245 erit
1705 3194 1902 3267 atque
1955 3204 2031 3246 ea
2075 3205 2247 3268 quae
2280 3181 2384 3243 se-

299 3288 594 3352 cundum
636 3284 1043 3346 mensuram.
1135 3283 1284 3348 Non
1313 3283 1462 3350 erit.
1553 3285 1691 3349 lam
1723 3307 1883 3350 vero
1912 3309 1990 3350 ea
2024 3306 2198 3368 quae
2230 3302 2382 3344 me-

296 3388 525 3453 tiendo
558 3399 624 3451 et
650 3385 1109 3450 ratiocinando
1164 3383 1444 3448 confidit
1469 3385 1725 3471 optima
1774 3388 1904 3452 erit
1940 3385 2149 3450 animi
2179 3379 2385 3470 nostri

297 3513 476 3580 pars.
568 3486 884 3574 Quidni?
946 3488 1046 3552 Ea
1088 3486 1295 3571 igitur
1338 3508 1513 3573 quae
1557 3488 1720 3553 huic
1751 3497 2100 3574 xrepugnat
2143 3483 2384 3545 vilium

297 3592 526 3676 aliqua
570 3589 691 3651 erit
731 3589 802 3653 in
838 3589 1035 3653 nobis
1089 3589 1405 3676 partium.
1493 3590 1885 3656 Necessario.
1978 3586 2123 3646 Hoc
2161 3582 2381 3669 ipsum
2447 3667 2451 3672 ι

293 3717 465 3759 vero
516 3703 597 3757 ut
638 3693 819 3755 inter
860 3714 981 3755 nos
1027 3692 1424 3756 conveniret
1468 3692 1773 3755 dicebam
1822 3697 2033 3751 artem
2064 3683 2383 3770 pingendi

297 3796 450 3860 etin
468 3793 858 3860 universum
894 3791 1197 3857 imitandi
1234 3795 1476 3880 procul
1497 3817 1536 3857 a
1560 3794 1836 3858 veritate
1851 3796 2183 3851 remotam
2212 3811 2380 3874 opus

295 3899 488 3963 suum
516 3899 772 3974 facere,
820 3906 1009 3982 parte
1039 3918 1077 3958 a
1106 3895 1468 3981 prudentia
1499 3894 1737 3982 procul
1772 3900 2033 3954 remota
2063 3888 2160 3954 uti
2189 3890 2383 3976 eique

294 3998 537 4063 sociam
570 4012 638 4063 et
668 3998 956 4062 amicam
995 4002 1120 4062 esse
1153 3998 1322 4061 nihil
1346 3993 1542 4084 probi
1573 4015 1700 4056 nec
1750 3992 1898 4057 veri
1946 3994 2379 4083 spectantem.

293 4089 593 4186 Prorsus,
637 4100 878 4187 inquit.
964 4098 1129 4168 Vilis
1169 4119 1326 4183 ergo
1357 4096 1478 4164 vili
1510 4106 1705 4162 utens
1746 4095 1901 4161 vilia
1927 4105 2243 4184 procreat
2273 4111 2381 4154 ars

1827 4198 1883 4261 E
1931 4216 1965 4257 2
