2738 4600
1036 336 1491 419 POLITIA
1548 342 1639 413 X.
2282 365 2364 445 9)

290 516 631 589 contrarie
664 514 917 585 horum
951 528 1225 605 oportet
1263 494 1500 583 statui?
1539 515 1789 585 Etiam.
1874 516 1966 586 Et
2004 518 2176 585 haee
2219 514 2368 583 fere

290 633 497 691 erunt
532 644 572 685 a
603 620 733 687 diis
759 617 1247 709 proficiscentia
1281 618 1434 684 iusti
1457 619 1779 706 praemia.
1864 621 1971 688 Ex
2000 643 2154 687 mea
2185 631 2370 687 certe

287 725 651 807 sententia,
691 720 933 810 inquit.
1002 720 1195 810 Quid
1223 743 1423 802 vero,
1464 721 1779 808 inquam,
1822 723 1905 789 ab
1933 721 2370 790 hominibus?

167 886 171 893 .
284 844 516 899 n'onne
550 825 646 892 ita
681 825 915 904 habet,
956 827 1002 890 fi
1033 846 1272 891 verum
1317 846 1441 890 nos
1483 822 1684 891 fateri
1732 837 2038 916 oportet:
2081 823 2262 894 vafri
2305 835 2374 889 et

280 931 510 1003 iniusti
553 929 733 996 idem
774 926 1039 995 faciunt
1077 928 1258 1014 quod
1305 929 1647 1008 cursores,
1707 927 1831 1013 qui
1872 927 2047 993 bene
2094 938 2380 999 currunt
2457 950 2466 969 ’

291 1060 394 1107 ex.
424 1031 747 1102 inferiore
769 1036 947 1108 loco,
980 1052 1066 1097 ex
1093 1031 1445 1123 superiore
1465 1044 1690 1097 autem
1727 1053 1869 1096 non
1895 1030 2060 1098 item
2079 1032 2114 1097 ’ἶ
2154 1031 2377 1120 primo

252 1198 259 1205 .
296 1137 608 1206 videlicet
633 1135 941 1200 celeriter
969 1131 1310 1212 defluunt,
1339 1134 1423 1199 ad
1454 1145 1834 1200 extremum
1863 1145 2097 1201 autem
2120 1131 2382 1201 ridicu-

296 1243 394 1311 los
436 1242 503 1304 se
540 1237 903 1328 praebent,
945 1259 1145 1303 aures
1192 1235 1275 1302 ad
1312 1236 1631 1303 humeros
1670 1235 2094 1304 demittentes
2131 1246 2200 1301 et
2246 1237 2383 1301 fine

296 1365 550 1412 corona
582 1339 1005 1427 aufugientes
1024 1389 1044 1422 ,
1069 1337 1221 1404 veri
1248 1349 1478 1403 contra
1507 1339 1809 1405 cursores
1830 1340 1913 1406 ad
1947 1350 2194 1406 metam
2221 1358 2387 1423 per-

238 1496 245 1504 ·
296 1447 647 1513 venientes
684 1443 989 1531 praemia
1033 1438 1369 1529 accipiunt
1412 1449 1479 1505 et
1512 1451 1947 1511 coronantur.
1989 1461 2218 1506 nonne
2256 1437 2387 1505 hoc

301 1552 509 1617 etiam
541 1546 724 1613 iustis
754 1567 838 1610 ex
866 1542 1168 1610 maxima
1196 1555 1391 1630 parte
1421 1543 1678 1627 evenit,
1708 1556 1785 1609 ut
1809 1544 1908 1610 ad
1926 1542 2133 1609 finem
2161 1541 2390 1610 cuius-

304 1677 441 1742 que
457 1648 734 1719 actionis
753 1658 820 1713 et
851 1646 1344 1713 communitatis
1363 1657 1434 1710 et
1459 1647 1638 1712 vitae
1661 1645 1947 1732 gloriam
1966 1646 2391 1749 consequan-

305 1769 437 1823 tur
456 1764 533 1818 et
553 1751 868 1817 victoriae
897 1750 1176 1834 infignia
1218 1747 1305 1813 ab
1347 1746 1733 1823 homiuibus
1770 1732 2169 1836 reportent?
2212 1745 2393 1813 Sane

306 1858 608 1947 quidem.
698 1851 1057 1920 Pei-mittes
1101 1847 1314 1936 igitur
1350 1847 1524 1913 mihi
1565 1859 1643 1912 ut
1684 1849 1758 1913 in
1796 1847 1905 1913 his
1954 1849 2171 1914 dicam
2223 1868 2397 1933 quae

305 1959 453 2051 ipse
486 1955 755 2024 dixisti
736 1977 813 2018 m
838 1949 1131 2015 iniustis·
1112 1996 1134 2028 ‚
1181 1948 1403 2015 dicam
1430 1948 1742 2015 videlicet
1779 1950 2013 2034 iustos,
2051 1971 2270 2037 quum
2294 1947 2399 2013 se·—

307 2064 544 2129 niores
589 2055 744 2120 facti
782 2053 1071 2132 fuerint,
1110 2049 1181 2116 in
1211 2048 1478 2116 civitate
1505 2052 1620 2118 sua
1663 2073 2122 2142 quascumque
2156 2052 2400 2117 volue-

310 2162 461 2231 rint
495 2158 846 2247 potestates
874 2169 1142 2242 gerere]
1172 2175 1348 2218 uxor
1350 2175 1456 2219 em
1487 2151 1740 2220 ducere
1765 2155 2245 2239 undecumque
2275 2177 2399 2218 vo-

309 2263 572 2336 luerint
596 2266 1019 2347 nuptumque
1049 2255 1211 2321 dare
1237 2254 1779 2343 quibuscumque
1804 2256 2113 2334 libuerit;
2137 2268 2213 2323 et
2245 2279 2401 2324 om-

311 2369 637 2452 nia'quae
664 2374 734 2427 tu
768 2361 839 2426 in
875 2359 1041 2442 illis,
1082 2381 1203 2447 ego
1235 2381 1419 2425 nunc
1460 2360 1611 2425 dico
1651 2361 1726 2426 in
1766 2361 1896 2426 his.
1955 2373 2158 2445 atque
2196 2360 2403 2424 etiam

315 2471 394 2539 in
421 2465 709 2545 iniusti8‚
755 2464 1113 2552 plerosque
1141 2485 1416 2543 eorum,
1463 2461 1720 2528 etiamfi
1746 2462 2031 2528 iuvenes
2059 2462 2404 2541 latuerint,

320 2574 398 2640 in
422 2569 568 2635 fine
597 2566 825 2631 cursus
854 2564 1300 2652 deprehensos
1347 2563 1668 2631 ridiculos
1701 2563 1842 2628 effe.
1862 2564 2180 2648 senesque
2199 2561 2407 2629 factos

325 2672 572 2742 misere
602 2666 1015 2733 contumelia
1043 2665 1279 2733 vexari
1317 2665 1403 2730 ab
1431 2666 1677 2732 exteris
1721 2678 1792 2732 et
1817 2665 2112 2747 civibus,
2155 2663 2408 2730 verbe-

324 2774 521 2843 ribus
548 2769 880 2854 castigatos
911 2778 981 2831 et
1006 2788 1180 2853 quae
1218 2770 1419 2834 saevffa
1450 2780 1521 2832 tu
1550 2768 1777 2835 aiebas
1805 2774 1934 2836 effe
1963 2790 2128 2834 vere
2157 2767 2405 2848 dicens,

326 2872 618 2963 [deinde
655 2867 957 2953 torqueri
1003 2881 1072 2936 et
1114 2872 1403 2955 exuriJ,
1448 2874 1674 2938 omnia
1716 2871 1829 2938 illa
1872 2871 2170 2954 existima
2210 2894 2252 2937 a
2297 2891 2410 2938 me

327 2997 604 3065 quoque
632 2971 872 3039 audire
899 2995 1012 3037 eos
1047 2973 1213 3061 pati.
1257 2985 1329 3039 at
1369 2974 1555 3060 quod
1581 2973 1764 3055 dixi,
1810 2973 1963 3040 vide
2001 2995 2091 3040 an
2126 2971 2412 3060 permis-1⁴

326 3080 525 3182 {urus
551 3077 654 3143 fis.
738 3072 914 3141 Sane
939 3075 1245 3162 quidem,
1289 3076 1550 3163 inquit3
1594 3075 1759 3144 iusta
1785 3077 1969 3143 enim
2015 3076 2196 3145 dicis.

506 3279 707 3368 Quae
739 3278 978 3367 igitur,
1021 3279 1337 3365 inquam,
1362 3277 1624 3344 viventi
1647 3276 1813 3344 iusto
1842 3302 1880 3345 a
1917 3278 2045 3346 diis
2080 3288 2149 3343 et
2182 3273 2416 3343 homi-

333 3383 539 3452 :nibus
571 3382 872 3470 praemia
899 3395 968 3447 et
1001 3380 1342 3466 mercedes
1371 3392 1442 3445 et
1465 3401 1749 3446 munera
1787 3380 2188 3447 tribuuntur
2214 3397 2420 3461 praet·

216 3567 221 3573 ⁴
339 3498 448 3552 ter
471 3484 647 3549 bona
672 3485 786 3549 illa
816 3506 990 3571 quae
1020 3482 1160 3573 ipsa
1183 3483 1508 3551 afferebat
1528 3482 1792 3563 iustitia,
1819 3481 1988 3547 haec
2018 3480 2163 3543 fere
2191 3486 2420 3541 erunt.

337 3585 727 3658 Admodum
753 3587 866 3653 illa
894 3587 1203 3674 quidem,
1231 3587 1483 3674 inquit,
1510 3586 1865 3675 praeclara
1887 3585 1968 3646 et'
1986 3588 2191 3646 certa.
2238 3577 2422 3646 Haec

340 3706 610 3772 tamen,
652 3690 969 3775 inquam,
1012 3688 1182 3755 nihil
1216 3690 1373 3755 sunt
1399 3685 1829 3755 multitudine
1863 3694 1931 3749 et
1963 3676 2423 3763 magnitudine

341 3796 435 3863 ad
473 3793 601 3874 illa,
624 3814 797 3880 quae
835 3804 1181 3860 mortuum
1231 3802 1601 3877 utrumque
1633 3796 1929 3852 manent.
1989 3794 2257 3872 oportet
2295 3803 2425 3853 au-

345 3907 487 3965 tem
519 3918 601 3965 ea
634 3893 889 3982 audiri,
932 3905 1013 3961 ut
1035 3892 1337 3987 perfecte
1364 3903 1654 3979 uterque
1680 3908 1919 3955 eorum
1950 3888 2229 3979 accipiat
2253 3908 2424 3979 quae
