2738 4600
1007 340 1457 440 rotrru
1510 340 1635 410 1x.
2269 343 2358 432 4⁷

259 520 541 591 facienti
569 520 777 586 latere
802 539 932 584 nec
959 537 1207 604 poenas
1228 516 1435 582 dare?
1478 538 1566 581 an
1594 537 1732 581 non
1761 512 1950 600 isqui
1976 514 2143 581 latet
2156 515 2362 583 etiam

194 632 199 641 ‘
262 626 540 715 pravior
585 625 850 702 evadit,
927 621 1067 687 eius
1115 641 1281 684 vero
1327 617 1444 706 qui
1491 642 1629 703 non
1695 622 1852 684 latet
1901 631 1965 684 et
2009 620 2363 704 castigatur

259 730 481 798 ferina
514 750 673 815 pars
712 726 983 792 sedatur
1028 734 1095 791 et
1145 738 1468 810 pacatur,
1525 724 1874 788 mansueta
1910 734 2133 787 autem
2186 722 2363 787 libe-

257 847 494 911 ratur,
551 843 621 895 et
668 829 1019 896 universus
1054 827 1322 892 animus
1382 826 1712 914 optimam
1767 838 2000 890 nactus
2041 835 2368 891 naturam

256 933 834 1027 praestabiliorem
884 931 1131 1020 accipit
1169 930 1514 1007 habitum,
1568 930 2092 1017 temperantiam
2145 941 2209 992 et
2249 929 2359 994 iu·-

257 1041 504 1107 stitiam
536 1060 688 1121 cum
726 1036 1088 1126 prudentia
1119 1033 1440 1121 adeptus,
1500 1055 1700 1120 quam
1735 1054 1983 1120 corpus
2030 1032 2207 1117 quod
2242 1057 2362 1099 ro·-

257 1145 394 1211 bur
421 1156 488 1207 et
513 1138 1088 1229 pulchritudinem
1120 1158 1271 1201 cum
1300 1137 1579 1202 sanitate
1603 1136 1863 1218 accipit,
1895 1150 2085 1205 tanto
2105 1149 2359 1221 quanto

254 1250 532 1314 animus
564 1266 846 1331 corpore
878 1245 965 1307 est
1014 1238 1515 1331 praestabilior?
1577 1243 1857 1307 Prorsus
1893 1245 1975 1308 fic
2017 1242 2082 1305 se
2113 1240 2362 1320 habet,

257 1349 503 1436 inquit.
589 1348 831 1413 Nonne
862 1345 1067 1432 igitur
1096 1343 1155 1407 is
1185 1340 1298 1426 qui
1328 1341 1496 1429 sapit
1527 1346 1617 1408 ita
1658 1345 1844 1408 vivet
1881 1356 1957 1409 ut
1982 1344 2210 1409 omnia
2242 1345 2363 1408 sua

261 1453 345 1518 ad
398 1454 526 1515 hoc
572 1450 857 1534 dirigat,
918 1448 1212 1535 primum
1248 1445 1519 1530 quidem
1577 1445 1954 1535 disciplinas
1992 1447 2058 1511 in
2093 1446 2362 1512 honore

258 1555 519 1620 habens
551 1572 720 1636 quae
758 1552 959 1616 talem
991 1550 1186 1636 ipsius
1216 1547 1520 1614 animum
1558 1550 1924 1618 affecturae
1953 1552 2111 1623 fint,
2170 1561 2361 1613 cete-

259 1654 375 1725 πεδ’
434 1676 597 1718 vero
659 1649 1143 1718 contemnens?
1215 1650 1409 1716 Patet
1460 1676 1658 1734 vero,
1725 1655 1971 1740 inquit.
2074 1651 2361 1731 Deinde,

260 1759 580 1844 inquam,
626 1755 926 1842 corporis
968 1753 1275 1818 habitum
1313 1766 1378 1817 et
1421 1757 1670 1843 pastum
1722 1768 1982 1820 tantum
2028 1755 2242 1818 aberit
2287 1762 2365 1816 ut:

259 1861 521 1929 ferinae
552 1859 978 1942 rationisque
1008 1855 1265 1941 experti
1300 1857 1638 1943 voluptati
1663 1855 2043 1921 committat
2076 1856 2158 1918 ad
2190 1855 2366 1918 hanc

259 1967 330 2030 se
354 1972 788 2039 convertens,
840 1969 918 2022 ut
941 1979 1029 2020 ne
1055 1954 1408 2021 sanitatem
1437 1959 1707 2039 quidem
1745 1957 2057 2046 respiciat
2084 1979 2205 2022 nec
2238 1958 2366 2021 hoc

260 2087 432 2155 prae
486 2060 724 2125 ceteris
770 2062 1021 2145 spectet
1065 2071 1141 2122 ut
1187 2059 1488 2125 robustus
1537 2063 1640 2127 vel
1685 2064 1880 2127 sanus
1924 2061 2029 2125 vel
2075 2058 2364 2149 pulcher

264 2166 548 2245 exsistat,
594 2161 708 2226 nifi
741 2161 935 2227 etiam
971 2161 1398 2246 prudentiam
1423 2162 1583 2228 inde
1607 2166 2082 2250 assequuturus
2110 2166 2203 2242 fit,
2245 2160 2360 2226 sed

167 2283 172 2288 “
259 2273 533 2358 semper
581 2262 885 2353 emporis
938 2265 1453 2332 concinnitatem
1502 2268 1714 2334 animi
1760 2280 2120 2334 concentus
2162 2267 2361 2331 causa

185 2414 196 2424 ·
262 2387 647 2460 temperans
673 2363 1101 2453 reperis-tut?
1148 2370 1429 2436 Prorsus
1459 2370 2014 2456 quidemfinfluit,
2040 2369 2360 2455 fiquidem

264 2497 430 2539 vere
464 2471 603 2535 volt
637 2470 923 2533 musteus
952 2474 1096 2538 effe.
1184 2474 1428 2540 Nonne
1456 2473 1695 2553 etiam,
1743 2474 2055 2557 inquam,
2099 2472 2167 2537 in
2201 2469 2366 2556 opi-

266 2579 395 2644 bu's
424 2573 839 2659 acquirendis
872 2574 1150 2639 modum
1190 2586 1390 2661 atque
1434 2587 1838 2642 concentum
1867 2574 2190 2653 servabit,
2233 2595 2363 2638 neo
2431 2623 2435 2628 -

267 2681 620 2768 copiarum
656 2675 900 2739 molem
936 2676 1390 2742 multitudinis
1410 2675 1912 2766 praedicatione
1927 2677 2362 2764 perturbatus

269 2784 351 2851 ad
375 2778 710 2848 infinitum
729 2776 1635 2862 augebit‚innumerabilibus
1652 2793 1944 2845 vexatus
1961 2781 2192 2845 malis?
2207 2782 2361 2847 Non

268 2879 834 2967 arbitror,inquit.
860 2880 989 2946 Sed
1008 2877 1393 2968 respiciens.
1410 2880 2112 2965 inquanu‘intcwiorem
2133 2884 2227 2949 sui
2241 2885 2363 2949 sta·-

268 3002 417 3055 tum
436 2986 530 3052 ita
549 3007 693 3049 rem
714 2980 1120 3047 familiarem
1157 2980 1952 3073 administrabitopesque
1967 2988 2184 3071 quoad
2218 2986 2364 3051 eius

267 3090 421 3158 fieri
452 3084 703 3178 poterit
730 3086 1002 3172 augebit
1037 3099 1104 3152 et
1130 3086 1477 3153 consumet
1519 3100 1590 3153 ut
1632 3087 2007 3158 cautionem
2043 3089 2365 3174 adhibeat:

267 3218 356 3260 ne
396 3213 529 3279 qua
580 3191 667 3255 de
703 3187 903 3254 rebus
946 3188 1075 3253 illis
1117 3188 1247 3253 suis
1285 3212 1491 3280 opum
1543 3213 1835 3258 numero
1887 3195 1995 3258 vel
2030 3192 2365 3283 paucitate

266 3303 770 3389 permoveatur.
862 3290 1039 3358 Sane
1065 3291 1331 3377 quidem
1357 3344 1377 3375 ,
1421 3295 1660 3384 inquit.
1749 3298 1971 3386 Atque
1997 3298 2193 3367 etiam
2227 3293 2365 3373 110⁸:

267 3420 506 3475 norea,
563 3393 743 3461 idem
787 3392 1183 3481 respiciens,
1242 3420 1358 3463 eos
1404 3399 1675 3485 quidem
1715 3402 1999 3492 accipiet
2034 3416 2098 3472 et
2151 3419 2366 3497 expe-⁴

265 3501 487 3570 rietur
522 3499 635 3563 sua
666 3498 902 3582 sponte
935 3518 1105 3582 quos
1149 3502 1487 3588 putaverit
1518 3503 1870 3572 meliorem
1906 3511 1972 3571 se
2000 3507 2367 3574 effecturos

268 3608 443 3677 effe,
488 3624 651 3686 quos
680 3610 904 3665 autem
939 3600 1415 3669 existimaverit
1457 3608 1877 3694 praesentem
1924 3607 2365 3677 dissolutuuos

269 3711 391 3773 effe
432 3707 706 3779 statum,
766 3724 881 3768 eoa
930 3702 1140 3790 fugiet
1186 3706 1507 3795 privatim
1556 3732 1636 3802 ac
1674 3710 1960 3795 publice.
2049 3711 2252 3777 Non
2232 3713 2367 3803 lgi-

267 3819 414 3888 tur,
472 3805 729 3893 inquit,
790 3828 896 3871 rea
939 3806 1173 3873 civiles
1214 3811 1403 3876 volet
1441 3830 1768 3895 gerere,
1761 3799 2150 3897 siquidem
2131 3840 2204 3883 m
2238 3819 2368 3885 hoc
2468 3821 2475 3828 '

269 3934 504 3976 curam
540 3919 769 3999 ponet.
854 3908 1074 3973 Immo
1102 3931 1229 3998 per
1263 3934 1540 3990 canem,
1595 3911 1911 3999 inquam,
1969 3919 2040 3986 in
2069 3923 2179 3992 sua
2212 3923 2371 4009 qui..

269 4015 426 4080 dem
460 4010 732 4079 civitate
763 4009 1129 4077 admodum
1153 4060 1170 4090 ‚
1217 4034 1434 4099 neque
1475 4023 1701 4080 tamen
1725 4066 1745 4097 ‚
1800 4023 2081 4106 opinor,
2140 4024 2210 4088 in
2242 4047 2372 4110 pa-

268 4114 436 4202 tria,
511 4113 631 4181 nifi
682 4113 729 4178 fi
771 4113 921 4200 quia
986 4112 1315 4182 divinitu·
1366 4114 1678 4188 inciderit
1729 4125 1939 4193 casus.
2041 4127 2371 4212 lntelhgo,
