2738 4600
1116 311 1636 416 munus,
2298 315 2420 386 ,ιε

253 531 268 544 1
326 496 584 551 terram
636 503 1150 569 nonnumquam
1210 483 1427 574 ipsam
1486 484 1820 552 trahimus
1890 485 1961 576 in
2038 471 2419 556 disfim'ilem

328 591 560 656 abirem
603 588 679 654 'vi
752 600 822 653 et
879 598 1142 675 praeter
1204 598 1552 662 naturam,
1633 595 1842 676 quum
1900 590 2099 657 ambo
2168 614 2420 678 cogna-

231 693 236 698 ’
326 704 477 756 tum
519 702 862 788 appetant.
925 690 1148 755 minus
1195 712 1363 755 vero
1411 688 1670 757 facilius
1717 692 1974 757 maiore
2004 703 2082 759 'et
2128 696 2416 783 prius·vi

324 806 635 859 coactu-m
691 793 774 857 ad
824 791 1129 857 disfimile
1167 792 1504 881 sequitur3
1567 807 1633 860 et
1677 795 1832 860 leve
1862 795 1931 860 id
1979 795 2415 863 diximuslo-

323 918 615 981 cumque
650 896 734 962 ad
782 917 983 981 quem
1028 885 1330 981 cogimus
1371 897 1832 982 superiorem,
1890 910 2126 964 contra
2177 911 2408 964 autem

322 998 639 1065 affectum
664 1018 873 1083 grave
903 1009 972 1063 et
999 1000 1223 1064 locum
1255 997 1682 1069 inferiorem.
1711 1000 1878 1065 haec
1915 1000 2119 1086 igitur
2145 1001 2414 1067 diverso
2530 1034 2539 1038 ·

277 1115 282 1124 '
322 1102 530 1168 modo
559 1104 623 1166 se
639 1100 887 1167 habere
904 1102 985 1169 ad
1008 1103 1493 1191 seipsaneceffe
1509 1103 1963 1190 estpropterea
1980 1095 2158 1186 quod
2175 1102 2413 1169 multi-

320 1206 583 1272 tudines
601 1206 1158 1291 generumlocum
1174 1204 1348 1271 inter
1359 1206 1428 1269 se
1443 1203 1860 1272 contrarium
1883 1204 2183 1269 obtinent
2203 1230 2225 1286 3
2253 1219 2413 1272 riam

317 1308 393 1374 in
433 1310 644 1373 altero
680 1308 831 1372 loco
874 1307 1028 1372 leve
1065 1307 1126 1373 ei
1176 1309 1356 1395 quod
1389 1309 1460 1373 in
1490 1311 1829 1374 contrario
1867 1310 1956 1372 est
1986 1308 2158 1382 levi,
2203 1323 2414 1394 grave

316 1413 544 1500 gravi,
589 1409 902 1474 inferiori
947 1408 1238 1475 inferius
1289 1423 1356 1475 et
1404 1411 1704 1498 superius
1742 1408 2072 1499 superiori
2116 1412 2413 1499 ‘oppofita
2474 1493 2487 1501 ἢ

321 1527 387 1579 et
416 1512 689 1597 obliqua
721 1523 790 1575 ct
823 1512 1094 1600 prorsus
1138 1513 1395 1579 diversa
1419 1513 1595 1579 inter
1619 1516 1690 1577 se
1721 1511 2140 1599 reperiemus
2182 1525 2254 1578 et
2273 1512 2409 1580 'fie-

317 1618 382 1684 ri
412 1629 480 1680 et
507 1620 672 1693 effe3
715 1612 843 1677 hoc
872 1623 1101 1678 tamen
1134 1636 1351 1681 unum
1380 1617 1799 1681 statuendum
1829 1615 1919 1680 de
1936 1615 2042 1680 his
2066 1615 2409 1702 omnibus,

316 1721 500 1785 viam
545 1739 719 1802 quae
742 1714 1041 1801 quidque
1064 1716 1148 1781 ad
1179 1731 1533 1807 cognatum
1581 1717 1780 1782 ducat
1812 1737 2019 1803 grave
2045 1718 2308 1808 efficere
2336 1719 2410 1785 id

269 1826 274 1834 '
318 1822 499 1910 quod
538 1819 837 1899 feratur,
882 1830 952 1883 et
980 1820 1210 1886 locum
1238 1821 1311 1886 in
1341 1844 1545 1907 quem
1582 1819 1654 1885 id
1684 1817 1947 1886 feratur
1980 1819 2406 1899 inferiorem,

318 1948 396 1991 ea
438 1935 662 1990 autem
710 1943 888 2006 quae
921 1921 1115 1990 aliter
1156 1924 1226 1986 se
1272 1922 1600 2003 habeant,
1646 1922 1777 1988 alia
1819 1921 1969 1988 effess
2043 1935 2111 1988 et
2158 1923 2406 1988 harum

314 2025 590 2115 quidem
618 2022 1246 2102 affectionumhaec
1278 2026 1496 2090 dictae
1526 2026 1723 2089 sunto
1764 2025 2016 2092 causae.
2049 2025 2410 2116 levis‘por-

313 2152 397 2195 ro
435 2139 500 2192 et
542 2128 813 2211 asperae
847 2126 1213 2193 affectionis
1246 2129 1514 2192 causam
1547 2125 1827 2212 quilibet
1855 2126 1964 2214 qui
1987 2131 2404 2219 perspectam

212 2225 216 2230 ⁵
311 2229 630 2298 habuerit
661 2221 861 2294 etiam
892 2230 1092 2296 alteri
1125 2231 1428 2321 potuerit
1455 2230 1715 2311 dicere3
1761 2229 1953 2296 hanc·
1983 2232 2165 2297 enim
2210 2231 2404 2297 duri·-

310 2334 438 2412 ties
468 2357 621 2401 cum
653 2332 1124 2423 inaequalitate
1170 2334 1574 2411 commixta,
1620 2336 1804 2400 illam
1848 2334 2403 2420 veroxaequalitas

310 2461 464 2504 cum
493 2438 806 2502 denfitate
832 2438 1191 2503 coniuncta
1222 2436 1447 2501 efficit.
2400 2511 2409 2522 ο

481 2540 785 2605 Maxima
821 2541 1016 2604 restat
1041 2540 1512 2605 communium
1532 2538 1755 2603 totius·
1772 2534 2077 2623 corporis
2093 2534 2401 2600 affectio-

309 2665 520 2721 num,
562 2641 1017 2705 iucundarum
1052 2653 1120 2706 et
1152 2642 1577 2714 acerbarum,
1628 2640 1824 2704 causa
1854 2637 1927 2703 in
1962 2638 2042 2703 iis
2073 2659 2246 2725 quae
2272 2661 2398 2703 ex-

306 2743 653 2835 posuimus
686 2751 751 2805 et
781 2758 1253 2829 quaecumque
1278 2765 1406 2831 per
1431 2743 1733 2830 corporis
1745 2754 1975 2830 partes
1992 2743 2216 2806 sensus
2234 2762 2401 2806 nan-

308 2836 653 2913 ciscuntur
687 2854 752 2907 et
792 2843 1054 2910 dolores
1097 2844 1170 2909 in
1217 2846 1427 2910 semet
1470 2844 1624 2932 ipsis
1664 2845 1990 2930 simulque
2015 2843 2397 2930 voluptates

306 2949 560 3016 habent
606 2946 906 3014 comites,
980 2948 1074 3013 ita
1126 2945 1334 3034 igitur
1390 2947 1696 3013 omnium
1741 2969 1916 3032 quae
1957 2944 2079 3010 sub
2126 2945 2394 3012 sensum

307 3053 555 3117 cadunt
579 3044 686 3114 'vel
714 3072 869 3116 eum
903 3051 1180 3136 fugiunt
1203 3049 1639 3114 affectionum
1672 3053 1901 3116 causas
1922 3047 2392 3137 percipiamus,

305 3149 636 3219 recordati
660 3165 974 3220 naturam
1005 3176 1126 3220 nos
1158 3158 1329 3238 quae
1356 3154 1552 3218 facile
1580 3166 1890 3218 movetur
1915 3163 1982 3216 et
2007 3171 2182 3236 quae
2211 3148 2393 3215 diffi-

306 3258 432 3322 cile
450 3257 655 3344 supra
683 3255 1071 3335 distinxiffeg
1115 3256 1242 3321 hac
1258 3254 1443 3319 enim
1472 3255 1739 3320 ratione
1769 3253 2215 3340 investiganda
2234 3255 2391 3317 sunt

303 3358 533 3424 omnia
564 3379 734 3443 quae
772 3350 1141 3442 cogitamus
1165 3356 1445 3444 assequi.
1501 3356 1578 3422 in
1608 3356 1675 3422 id
1709 3355 2020 3422 videlicet
2051 3354 2228 3439 quod
2260 3377 2406 3419 πει-ι

300 3474 459 3526 tura
490 3458 683 3524 facile
697 3469 1018 3523 movetur
1039 3461 1308 3542 quando
1338 3461 1547 3526 etiam
1569 3459 1795 3525 brevis
1823 3458 2095 3529 affectio
2123 3454 2384 3531 incidit,

299 3560 787 3629 transfundunt
821 3583 970 3626 eam
1005 3562 1438 3628 circumcirca
1456 3573 1692 3650 partes
1721 3561 1887 3626 aliae
1915 3561 1980 3626 in
2011 3560 2174 3623 alias
2203 3559 2384 3624 idem

302 3664 681 3753 efficientes,
725 3663 886 3728 dum
919 3664 1005 3728 ad
1035 3664 1440 3752 prudentem
1477 3676 1742 3751 partem
1777 3662 2206 3732 delatae‘vim
2241 3662 2382 3728 eius

301 3767 478 3855 quod
521 3767 706 3832 illam
738 3765 1360 3852 iniecit-nuncient3
1406 3766 1819 3832 contrarium
1851 3787 2010 3832 vero
2043 3766 2222 3851 quod
2257 3769 2385 3831 sta-

297 3870 433 3936 bile
464 3872 552 3936 est
583 3870 985 3957 nullumque
1021 3891 1144 3958 per
1187 3867 1425 3934 orbem
1452 3868 1906 3958 progreditur,
1950 3869 2209 3958 patitur
2240 3880 2384 3959 tan-
2426 3922 2434 3927 .

298 3973 656 4042 tummodo
676 4023 694 4051 ,
755 3993 883 4035 nec
942 3970 1145 4036 ullam
1189 3984 1424 4036 movet
1459 3971 1838 4037 vicinarum
1889 3970 2215 4057 partium,
2274 3982 2378 4049 ut,

298 4075 445 4145 aliis
477 4073 782 4164 partibus
809 4073 882 4139 in
914 4073 1078 4140 alias
1112 4096 1257 4140 eam
1284 4097 1421 4141 non
1454 4059 2121 4157 transi'undentibus,
2159 4074 2379 4162 prima
