2738 4600
1079 316 1596 387 TlMAEUS.
2252 338 2375 403 ψ

296 520 455 565 cum
491 493 763 561 inimico
792 492 1170 582 oppofitum
1196 491 1568 560 finetxbella
1591 489 1848 555 inferre
1883 493 2161 583 corpori·
2176 504 2385 580 atque*
2474 545 2480 574 ¹.

292 600 600 681 morboS,
643 599 754 662 sed
783 596 855 661 id
906 594 1269 660 contendet
1311 606 1391 659 ut
1421 595 1718 660 amicum
1751 594 1966 660 amico
1998 598 2402 682 oppositum*

290 704 642 770 sanitatem
675 698 939 766 efficiat.
986 719 1072 761 ex
1097 697 1507 762 motionibus
1526 707 1769 761 ‘autem
1800 700 2053 782 optima
2083 701 2170 764 est
2200 719 2377 784 quae
2406 748 2412 752 .
2469 681 2476 694 ¹

290 809 433 895 ipsa
459 807 530 868 in
563 793 628 867 se
662 826 702 868 a
730 803 796 865 se
818 801 956 889 ipsa
983 800 1356 865 concitatur
1396 800 1740 881 (maxime
1788 801 1970 865 enim
2021 802 2268 866 mentis
2307 812 2376 866 et

290 905 729 976 unIVerfitatis
775 902 1063 968 motioni
1106 913 1392 988 cognata
1449 904 1616 984 est),
1679 925 1852 988 quae
1893 925 2056 967 vero
2101 903 2378 976 aliunde

274 1010 699 1089 concitatur,
749 1007 1077 1085 deterior3
1116 1006 1482 1072 deterrima
1512 1017 1737 1070 autem
1773 1028 1949 1091 quae
1972 1004 2193 1070 iacens
2221 1028 2376 1069 cor-
2458 1017 2467 1031 ⁸

295 1138 426 1205 pus
463 1124 530 1175 et
567 1110 902 1196 quiescens
940 1129 1069 1193 per
1109 1110 1235 1174 alia
1263 1108 1722 1195 particulatim
1751 1119 2004 1174 movet.
2063 1107 2377 1193 quocirca

292 1212 767 1307 purgationum
814 1222 883 1276 et
935 1209 1531 1275 confirmationum
1578 1213 1879 1299 corporis
1925 1234 2002 1276 ea
2039 1232 2214 1298 quae
2250 1231 2375 1297 per

292 1316 804 1386 exercitationes
836 1312 914 1377 fit
933 1313 1209 1405 optima,
1227 1313 1517 1378 secunda
1542 1337 1711 1380 vero
1747 1337 1825 1379 ea
1851 1336 2023 1400 quae
2053 1336 2180 1401 per
2207 1327 2373 1399 pen-

290 1424 450 1488 files
474 1418 861 1505 gestationes
904 1413 987 1484 fit
1041 1413 1115 1477 in
1163 1416 1584 1500 navigatione
1627 1429 1695 1481 et
1738 1433 2202 1509 quaecumque
2241 1415 2375 1479 alia.

290 1535 571 1591 vectura
603 1520 689 1582 est
719 1515 907 1581 haud
936 1516 1286 1581 laboriosa.
1317 1542 1393 1583 ac
1411 1517 1604 1583 tertia
1634 1518 1945 1584 motionis
1976 1518 2220 1603 species
2249 1515 2374 1582 ad·-

289 1625 576 1694 modum
620 1618 1024 1704 quandoque
1074 1619 1131 1682 ei
1177 1621 1294 1705 qui
1335 1633 1604 1685 coactus
1648 1622 1736 1684 est
1769 1620 1982 1700 utilis,
2027 1620 2158 1684 alio
2203 1641 2370 1683 vero

292 1729 485 1796 nullo
522 1722 726 1788 modo
755 1721 1077 1809 prudenti
1109 1721 1559 1805 admittenda,
1602 1724 1855 1786 sanatio
1900 1744 2069 1807 quae
2112 1720 2375 1783 medica.
2449 1802 2452 1805 ἢ

290 1826 692 1922 purgatione
734 1824 1099 1911 peragitur.
1160 1825 1379 1890 morbi
1422 1826 1601 1889 enim
1625 1878 1648 1907 ,
1706 1824 1821 1888 nifi
1860 1846 2106 1909 magna
2144 1822 2375 1887 inten-
2443 1903 2447 1907 .

293 1938 466 2002 dunt
508 1926 843 2017 pericula,
889 1948 1032 1989 non
1073 1926 1382 1992 irritandi
1417 1929 1573 1993 sunt
1623 1927 2159 2000 medicamenti83
2209 1946 2389 1990 nam,
2494 1989 2503 1998 Ι

295 2032 574 2124 quaevis
597 2028 1000 2094 morborum
1027 2029 1406 2095 constitutio
1435 2030 1879 2096 animantium
1900 2040 2184 2094 naturae
2210 2048 2374 2112 quo·

295 2131 893 2204 dammodofimilis
919 2132 1028 2195 est.
1060 2130 1305 2197 etenim
1326 2132 1575 2199 horum
1607 2134 1991 2199 coniunctio
2023 2130 2374 2218 constituta
2442 2209 2445 2213 Α

291 2241 503 2311 habet
530 2235 715 2300 vitae
744 2245 1071 2329 tempora,
1112 2246 1253 2300 tam
1285 2258 1498 2324 genus
1529 2238 1945 2316 universum,
1977 2256 2183 2321 quam
2217 2230 2391 2296 ani÷
2438 2312 2445 2317 ο

291 2347 430 2414 mal
471 2338 789 2429 quodque
832 2359 960 2425 per
999 2338 1065 2400 se
1093 2339 1273 2423 quod
1320 2341 1593 2406 fatalem
1636 2340 1889 2405 habens
1920 2339 2125 2402 vitam
2158 2334 2376 2399 nasci-
2452 2384 2455 2387 ¹

289 2462 441 2527 tur,
490 2464 702 2531 quum
729 2439 814 2506 ab
845 2438 1304 2506 affectionibus
1337 2442 1704 2507 nece-trariis
1734 2439 2113 2505 discesserim
2154 2436 2376 2502 trian-
2438 2488 2443 2492 .

292 2551 452 2638 gula
484 2547 663 2611 enim
699 2542 910 2607 statim
944 2542 1027 2606 ab
1065 2541 1257 2606 initio
1288 2543 1610 2629 cuiusque
1647 2541 1790 2606 vim
1829 2539 2144 2605 habentia
2176 2560 2374 2603 com-
2438 2620 2444 2625 η

291 2654 506 2744 pofita
545 2649 705 2710 sunt
744 2643 839 2707 ita
881 2655 958 2708 ut
1002 2642 1087 2706 ad
1137 2655 1402 2733 tempus
1445 2643 1713 2730 aliquod
1762 2640 2062 2706 sufficere
2108 2639 2371 2730 possint,

292 2752 475 2843 quod
519 2749 699 2825 ultra
729 2761 1115 2830 numquam
1148 2748 1399 2862 pooterit
1443 2745 1675 2832 aliquis
1719 2744 1924 2830 vitam
1957 2743 2177 2808 adhuc
2198 2766 2373 2830 pro-

290 2855 488 2923 ferre.
551 2849 786 2915 eadem
833 2846 1036 2933 igitur
1076 2846 1247 2913 ratio
1287 2851 1375 2913 est
1419 2848 1817 2914 morborum
1864 2837 2371 2927 constitutioni8‚

291 2981 498 3055 quam
544 2955 590 3019 fi
628 2950 777 3037 quis
822 2961 1095 3037 praeter
1136 2951 1576 3016 necessi'tatem
1627 2950 1943 3038 temporis
1993 2951 2374 3037 corrumpit

290 3051 838 3133 medicamentis,
880 3053 1075 3118 fimul
1129 3075 1167 3116 e
1207 3045 1435 3140 parvis
1480 3054 1709 3141 magni
1750 3066 1818 3119 et
1851 3055 2048 3120 multi
2073 3077 2111 3117 e
2143 3052 2370 3140 paucis

291 3162 514 3231 morbi
535 3159 743 3222 solent
769 3141 939 3219 fieri.
960 3154 1269 3240 quocirca
1297 3158 1440 3241 regi
1471 3174 1702 3248 omnes
1733 3156 1859 3220 hos
1892 3168 2156 3245 oportet
2168 3176 2374 3243 prae-
2424 3234 2429 3239 ἱ

291 3264 538 3350 scripta
556 3260 771 3323 victus
807 3255 1094 3331 ratione,
1135 3268 1463 3342 quantum
1483 3257 1630 3344 quis
1657 3256 1753 3320 oti
1782 3242 2200 3340 habe-aunon
2229 3278 2370 3321 me-

293 3360 686 3432 dicamentis
718 3358 1033 3423 adhibitis
1060 3360 1316 3423 malum
1352 3357 1620 3438 difficile
1651 3362 1741 3425 est
1763 3360 2195 3428 irritandum.
2269 3359 2369 3425 Ac

294 3470 381 3534 de
409 3461 753 3530 communi
785 3461 1058 3546 quidem
1108 3461 1455 3526 animante
1495 3462 1774 3550 eiusque
1805 3477 1997 3552 parte
2025 3482 2369 3549 corporea,

291 3565 636 3658 quomodo
666 3562 817 3646 quis
844 3564 1228 3649 gubernans
1257 3575 1319 3628 et
1338 3564 1748 3649 gubernatus
1782 3592 1820 3633 a
1850 3570 1915 3631 se
1949 3567 2088 3653 ipse
2121 3561 2398 3635 rationi*

292 3663 904 3741 convenientissime
941 3667 1168 3746 vivat,
1218 3668 1390 3732 haec
1437 3656 1503 3734 'di
1485 3681 1612 3734 cta
1651 3673 1873 3735 sunto.
1927 3669 2146 3756 ipsum
2195 3684 2367 3729 vero

294 3772 476 3861 quod
502 3781 849 3835 recturum
887 3769 977 3833 est
1006 3769 1216 3855 magis
1258 3771 1392 3833 fine
1420 3772 1628 3837 dubio
1654 3781 1719 3836 et
1744 3771 1928 3859 prius
1959 3795 2036 3858 pl
2037 3790 2372 3856 aeparan-

293 3877 460 3943 dum
497 3896 620 3962 pro
655 3868 944 3954 viribuS,
989 3885 1071 3936 ut
1119 3895 1321 3957 quam
1349 3875 1886 3961 pulcherrimum
1925 3885 1994 3938 et
2035 3870 2370 3982 optimum

183 4024 190 4031 ,
294 3980 380 4045 ad
415 3977 779 4045 rectionem
810 3974 904 4039 fit.
961 3986 1276 4042 accurate
1308 3996 1467 4044 vero
1499 3979 1581 4045 de
1610 3978 1715 4044 his
1760 3997 2104 4067 exponere
2144 3972 2368 4062 opeiis
