2738 4600
177 4256 204 4269 .-

1089 315 1605 414 commus.
1695 385 1697 391 2
1844 291 1859 300 “
2267 365 2395 438 209

294 516 498 592 sunto
523 511 759 602 priora
801 510 995 577 nobis
1028 531 1199 598 quae
1232 510 1317 576 ad
1358 532 1607 600 corpus
1640 522 1708 575 et
1738 510 2038 589 animum
2066 516 2391 602 spectant.

294 605 603 684 Primum
640 617 851 705 igitur
894 613 1287 703 quomodo
1266 636 1492 699 ignem
1539 613 1829 679 calidum
1872 615 2208 698 dicamus,
2272 620 2388 685 vi-

295 721 575 787 deamus
601 720 697 785 ita
727 719 1208 787 considerantes
1243 730 1321 783 ut
1352 708 1866 789 dissolutionem
1876 729 1949 790 et
1999 719 2393 798 divisionem
2438 725 2449 732 ”

298 823 442 887 eius
484 823 557 887 in
610 833 897 912 corpore
925 825 1144 888 nostro
1190 821 1442 888 factam
1483 824 1880 910 spectemus.
1945 821 2192 896 etenim
2222 849 2394 893 acu..
2436 833 2439 838 “

291 936 438 991 tam
468 926 761 1009 aliquam
796 929 921 990 effe
949 923 1398 1008 affectionem,
1441 947 1674 991 omnes
1709 924 1852 1002 fere
1878 927 2243 1026 sentimus3
2287 943 2395 1016 te·-

291 1028 627 1095 nuitatem
658 1052 824 1096 velo
867 1030 1157 1093 laterum
1190 1041 1254 1096 et
1281 1030 1568 1115 anguloi
1573 1051 1690 1093 um
1727 1028 1941 1096 aciem
1980 1041 2047 1094 et
2087 1032 2393 1117 particu-
2464 1087 2467 1090 .
2552 1086 2560 1096 .

291 1133 518 1199 larum
549 1132 951 1221 parvitatem
984 1143 1054 1195 et
1082 1132 1466 1218 agitationis
1497 1132 1931 1208 celeritatem,
1959 1131 2207 1217 quibus
2238 1159 2393 1199 om-

292 1236 530 1314 nibus,
597 1258 811 1324 quum
859 1258 1015 1300 acer
1071 1235 1142 1298 fit
1191 1234 1592 1320 secandique
1642 1234 1711 1298 vi
1751 1234 2130 1322 praeditus,
2164 1248 2392 1303 acute
2454 1295 2457 1298 ,

292 1339 609 1425 quicquid
650 1328 926 1405 obuium
968 1337 1050 1404 fit
1088 1338 1364 1416 scindit,
1413 1336 1817 1401 confiderari
1868 1350 2141 1426 oportet
2181 1333 2395 1407 itafut

289 1444 736 1509 recordemur
803 1440 942 1506 eius
996 1439 1253 1524 figurae
1303 1450 1573 1519 ortum,
1635 1440 1794 1525 quia
1847 1442 2146 1508 maxime
2201 1443 2390 1525 haec,
2426 1441 2431 1445 ’

291 1536 418 1611 alia
451 1546 641 1609 nulla
675 1551 922 1608 natura
973 1535 1286 1607 dividens
1315 1564 1609 1632 vcorpora
1642 1545 1860 1608 nostra
1891 1556 1958 1608 et
1996 1545 2284 1612 minutas
2316 1546 2393 1613 in

289 1658 519 1735 partes
538 1646 950 1733 dispertiens,
967 1645 1144 1710 hanc
1175 1667 1378 1732 quam
1405 1668 1590 1710 nunc
1607 1646 1889 1718 calidam
1919 1646 2391 1724 dicimuscon-

294 1750 650 1815 venienter
684 1760 752 1813 et
778 1748 1203 1814 affectionem
1237 1760 1303 1812 et
1340 1748 1863 1837 appellati-onem
1884 1748 2179 1835 praebet.
2200 1745 2392 1815 Con-2

287 1852 577 1918 trarium
606 1875 771 1917 vero
796 1852 975 1918 illius
1000 1851 1429 1941 perspicuum
1447 1851 1745 1936 quidem,
1763 1863 2064 1917 attamen
2083 1852 2394 1934 oratione
2444 1895 2447 1896 ν

289 1978 431 2021 non
465 1967 709 2021 careat.
768 1955 1016 2022 etenim
1047 1954 1330 2020 humida
1361 1973 1551 2038 quae
1576 1953 1942 2038 grandiora
1973 1952 2392 2020 humoribus

291 2061 598 2145 corporis
636 2058 896 2124 intrant
940 2069 1006 2123 et
1038 2058 1308 2123 minora
1351 2057 1726 2144 expellunt,
1769 2056 1847 2120 in
1889 2077 2131 2122 eorum
2152 2070 2388 2124 autem

288 2163 478 2226 sedes
505 2184 647 2228 non
686 2166 952 2249 poffunt
979 2160 1269 2239 intrare,
1314 2158 1790 2226 contrudentia
1825 2157 2139 2225 humidas
2183 2153 2423 2246 nostris

287 2276 517 2354 partes
535 2274 608 2329 'et
644 2287 729 2330 ex
767 2263 1226 2363 inaequalibus
1257 2261 1661 2349 agitatisque
1689 2260 2072 2329 immobiles
2104 2276 2419 2354 propter·
2468 2308 2471 2313 -

288 2369 765 2454 aequalitatem
812 2380 877 2434 et
920 2366 1481 2459 compresfio'nem
1512 2365 1871 2447 efficientia·
1908 2366 2394 2457 compingunt5

290 2483 525 2537 contra
569 2488 914 2541 naturam,
945 2492 1114 2539 vero
1163 2477 1586 2533 contractum
1630 2476 1968 2552 repugnat
1998 2468 2387 2551 ‚secundum

286 2583 608 2667 naturam
641 2573 702 2634 se
734 2571 961 2656 ipsum
995 2571 1067 2636 in
1099 2569 1518 2635 contrarium
1560 2567 1949 2647 detrudens.
2013 2591 2190 2654 quae
2229 2569 2389 2656 qui-2

288 2673 447 2737 dem
497 2694 729 2760 pugna
770 2686 834 2736 et
878 2673 1212 2753 concussio
1252 2684 1509 2736 tremor
1536 2682 1604 2735 et
1645 2672 1865 2758 rigor,
1906 2669 2125 2763 ffilida
2157 2682 2385 2736 autem
2486 2706 2497 2717 ι

283 2776 454 2842 haec
482 2775 702 2840 omnis
730 2774 996 2840 affectio
1017 2775 1162 2839 etid
1198 2775 1377 2860 quod
1416 2796 1565 2839 eam
1592 2773 1805 2840 insert
1836 2773 2171 2865 appellata
2202 2775 2391 2859 Γιιιιῐ.υ

286 2879 539 2945 durum
573 2886 890 2960 vocatur,
947 2878 1350 2964 cuicumque
1401 2865 1558 2945 caro
1619 2880 1845 2943 nostra
1905 2876 2115 2969 cedit3
2180 2874 2382 2942 molle

289 2993 530 3047 contra
567 2982 1015 3065 quodfcarni,
1064 2994 1127 3046 et
1169 2982 1267 3047 ita
1293 2982 1476 3048 inter
1504 2984 1590 3045 ie.
1619 2979 1799 3049 cedit
1825 2994 2055 3053 autem
2093 2980 2273 3063 quod
2309 2978 2387 3044 in

287 3106 500 3171 parvo
559 3085 816 3164 infistit3
897 3084 1076 3168 quod
1108 3070 1294 3151 *vero
1354 3084 1845 3173 quadrangulas
1915 3081 2115 3149 habet
2176 3079 2379 3161 bases,

286 3187 540 3273 quippe
578 3185 664 3251 fi1
672 3210 778 3250 me
816 3180 1141 3269 insistens,
1191 3209 1405 3273 genus
1445 3190 1534 3253 est
1557 3188 1856 3251 maxime
1886 3185 2258 3254 reluctans,
2309 3193 2378 3245 et

285 3288 660 3375 quicquid
641 3312 713 3354 m
746 3289 1139 3354 densitatem
1170 3304 1566 3356 concretum
1600 3287 1964 3375 pluiimam
2009 3307 2167 3371 prae
2195 3294 2376 3347 cete-

284 3389 388 3455 ris
404 3392 646 3455 refistit.
674 3412 879 3474 grave
894 3404 960 3456 et
975 3393 1281 3457 levefieo
1301 3391 1481 3477 quod
1499 3391 1812 3455 deorsum
1831 3401 1900 3453 et
1927 3380 2186 3451 sursum
2212 3384 2311 3446 fei
2316 3381 2374 3445 ri

286 3478 909 3574 dicituriudicetur‚
915 3495 1290 3577 clarissime
1306 3494 1690 3559 illustretur.
1735 3501 1983 3556 natura
2000 3487 2183 3549 enim
2210 3485 2374 3549 duos
2450 3480 2453 3483 ’

286 3581 617 3683 quosdam
679 3601 804 3661 effe
856 3599 1039 3663 locos
1079 3597 1394 3663 bifariam
1447 3595 1918 3682 distinguentes
1961 3586 2375 3664 univelsum,
2432 3592 2437 3596 ’

247 3718 264 3729 ‘
287 3719 538 3784 eosque
564 3698 965 3779 contrari03‚
1011 3722 1228 3764 unum
1265 3699 1538 3785 quidem
1569 3695 2004 3772 inferiorem,
2036 3690 2135 3757 ad
2168 3710 2373 3773 quem

283 3797 610 3865 ferantur
637 3802 868 3865 omnia
903 3823 1079 3885 quae
1107 3805 1350 3868 molem
1386 3803 1725 3885 quandam
1744 3792 2042 3883 corporis
2059 3790 2371 3876 habeant,

284 3903 570 3968 alterum
605 3905 1016 3992 superiorem
1034 3953 1061 3984 ,
1107 3907 1188 3970 ad
1218 3927 1419 3990 quem
1451 3901 1673 3968 invita
1703 3896 1929 3963 omnia
1948 3906 2372 3973 moveantur,

279 4008 469 4075 nullo
501 4008 705 4072 modo
733 4017 912 4073 recte
942 4007 1241 4094 ponitur.
1290 4006 1678 4073 universum
1716 4000 1894 4066 enim
1927 3999 2189 4063 caelum
2217 3996 2373 4082 quia

282 4111 630 4197 globosum
666 4102 777 4186 est,
821 4131 1287 4198 quaecumque
1315 4104 1683 4195 aequaliter
1715 4103 1956 4189 absunt
1989 4125 2028 4170 a
2055 4100 2274 4169 medio
2306 4106 2373 4191 et

372 4216 548 4278 Tom.
601 4214 680 4277 V.
1889 4205 1948 4268 O
