2738 4600
995 337 1440 409 PoL1T1A
1497 318 1626 410 IX.
2286 338 2372 408 43

277 513 542 583 hibebit
581 512 779 580 instar
816 510 1192 600 agricolae‘‚
1256 513 1453 578 mites
1499 512 1644 578 eius
1683 523 1907 602 partes
1947 513 2262 580 nutriens
2303 523 2377 581 et

278 616 845 692 mansuefaciens,
907 614 1083 682 feras
1115 614 1342 680 autem
1374 616 1752 706 impediens
1784 639 1869 682 ne
1897 615 2203 706 vigeant,
2259 620 2376 683 so·-

278 722 448 786 ciam
465 719 583 786 fibi
600 722 945 786 assumens
960 718 1172 784 leonis
1184 731 1500 801 naturam
1517 729 1582 784 et
1597 719 2046 786 communiter
2058 720 2373 788 omnium

271 824 823 915 procurationem
868 823 1166 904 habens,
1201 834 1302 909 ‘et
1351 845 1570 909 quum
1621 825 1870 887 amicas
1929 845 2039 888 eae
2084 823 2268 889 inter
2307 824 2376 888 se

273 925 529 1012 fibique
554 924 956 1008 reddiderit,
1015 938 1163 991 tum
1191 926 1380 990 alet?
1433 924 1609 991 Sane
1658 948 1820 990 vero
1853 924 2024 990 dicit
2051 925 2215 991 haec
2254 923 2376 1012 qui

273 1029 521 1096 iustum
550 1028 797 1094 laudat.
845 1029 1053 1094 Omni
1082 1027 1290 1115 igitur
1321 1029 1527 1093 modo
1555 1028 1673 1113 qui
1702 1026 1865 1093 iusta
1891 1027 2184 1093 celebrat
2215 1051 2375 1093 vera

279 1132 472 1211 dicet,
518 1131 637 1216 qui
664 1153 831 1196 vero
864 1131 1138 1208 iniusta,
1184 1130 1390 1213 falsa3
1432 1151 1593 1195 nam
1624 1131 1758 1196 five
1785 1131 2211 1218 voluptatem
2246 1134 2377 1196 five

277 1235 530 1300 bonam
563 1233 817 1301 famam
848 1230 981 1300 fi‘ve
1008 1234 1361 1317 utilitatem
1401 1235 1655 1320 spectas
1678 1282 1697 1313 ‚
1739 1233 1885 1301 iusti
1910 1233 2223 1300 laudator
2255 1255 2379 1298 ve·-

277 1358 436 1405 rum
471 1338 668 1419 dicit,
711 1338 1139 1424 vituperator
1165 1350 1390 1402 autem
1420 1336 1593 1401 nihil
1623 1336 1762 1400 sani
1794 1358 1919 1402 nec
1944 1337 2156 1402 sciens
2187 1337 2379 1402 vitu-

277 1455 473 1531 perat
501 1441 666 1527 quid
696 1441 1055 1528 vituperet.
1136 1440 1569 1524 meutiquam,
1603 1438 1844 1523 inquit,
1875 1438 2047 1504 mihi
2079 1438 2375 1509 videtur.

276 1546 811 1611 Pet-suadeamus
848 1543 1053 1631 igitur
1095 1543 1158 1607 ei
1193 1542 1440 1609 leniter
1483 1542 1734 1629 (neque
1776 1542 1962 1608 enim
1995 1544 2112 1607 sua
2138 1543 2379 1630 sponte

280 1659 488 1721 errat)
530 1647 1016 1732 interrogantes
1045 1647 1106 1711 Ο
1138 1645 1708 1734 praestantisfime,
1745 1667 1978 1709 nonne
2010 1645 2220 1710 etiam
2246 1644 2382 1708 ho-·

280 1736 465 1817 nesta
513 1764 580 1815 et
633 1749 861 1840 turpia
911 1749 1093 1815 hanc
1144 1749 1231 1811 ob
1271 1749 1541 1812 causam
1587 1745 1886 1810 dicemus
1939 1748 2201 1833 legibus
2253 1751 2383 1812 effe

280 1855 538 1936 sancta,
597 1865 665 1918 et
703 1854 976 1920 honesta
1021 1849 1291 1935 quidem
1344 1849 1527 1932 quod
1570 1870 1648 1910 ea
1685 1849 1811 1910 fint
1852 1870 2028 1931 quae
2057 1847 2380 1919 hominis,

279 1958 498 2022 immo
552 1957 798 2034 etiam,
862 1951 936 2016 ni
978 1950 1218 2031 fallor,
1279 1948 1493 2015 divini
1539 1947 1827 2034 imperio
1877 1949 2057 2014 feras
2103 1961 2384 2017 naturae

279 2069 520 2147 partes
554 2054 942 2131 sufficiant,
972 2049 1228 2139 ‘turpia
1255 2070 1421 2115 vero
1468 2049 1644 2135 quod
1682 2051 2010 2117 eiusmodi
2042 2053 2164 2117 fint
2204 2071 2384 2138 quae

283 2156 466 2223 mite
482 2148 708 2241 agresti
738 2154 997 2218 servire
1028 2151 1312 2236 cogant?
1369 2153 1797 2234 assentietur,
1860 2176 1949 2219 an
1987 2155 2382 2242 quomodo?

284 2258 364 2327 Si
398 2257 603 2330 mihi,
676 2254 930 2343 inquit,
995 2253 1507 2342 obtemperabit.
1605 2257 1716 2323 Est
1756 2257 2004 2342 igitur,
2076 2259 2383 2345 inquam,

281 2362 395 2436 cui
429 2359 746 2449 expediat
771 2382 856 2424 ex
885 2360 1010 2424 hac
1046 2358 1348 2424 oratione
1376 2381 1621 2424 aurum
1666 2361 1975 2448 accipere
2012 2360 2282 2441 iniuste,
2335 2364 2384 2427 fi

283 2466 417 2533 hoc
449 2462 674 2529 evenit
704 2473 780 2527 ut
807 2484 1046 2526 aurum
1075 2460 1406 2549 accipiens
1433 2462 1623 2541 fimul
1644 2462 1975 2550 optimam
1998 2464 2098 2528 sui
2113 2476 2384 2550 partem

287 2567 546 2633 servire
583 2576 777 2652 cogat
807 2563 1376 2652 improbissimae?
1433 2564 1548 2627 vel
1576 2565 1619 2628 fi
1650 2587 1818 2629 auro
1862 2576 2139 2654 accepto
2164 2564 2383 2632 filium

285 2670 591 2736 filiamve
632 2668 708 2732 in
751 2667 1139 2732 servitutem
1168 2664 1354 2729 dabit
1391 2664 1601 2748 idque
1643 2665 1952 2733 ad·feros
2002 2691 2386 2756 pravosque

287 2773 519 2845 viros,
566 2769 630 2834 ei
658 2769 840 2835 haud
872 2767 1223 2853 expediet,
1283 2766 1599 2850 quamvis
1625 2773 2036 2854 permultum
2081 2795 2208 2860 pro
2252 2772 2386 2837 hoc

289 2871 656 2962 acceperit,
682 2909 689 2916 ·
717 2873 813 2937 fin
848 2881 1069 2936 autem
1116 2868 1591 2957 divinissimam
1634 2870 1734 2934 sui
1763 2885 2032 2961 partem
2074 2876 2384 2941 scelestis-

289 2979 491 3043 fimae
527 2985 595 3038 et
638 2973 1120 3064 impuriffimae
1151 2964 1406 3038 servire
1446 2972 1622 3058 cogit
1655 2996 1778 3041 nec
1809 2975 1953 3041 eius
2004 2977 2384 3057 miseretur,

290 3099 519 3143 nonne
554 3076 758 3141 miser
792 3077 882 3141 est
904 3078 1231 3163 longeque
1261 3074 1513 3140 diriore
1548 3098 1705 3141 cum
1748 3078 2043 3165 pernicie
2070 3081 2223 3147 auri
2250 3082 2387 3146 lar-

293 3180 618 3268 gitionem
659 3178 934 3267 accipit,
993 3200 1198 3266 quam
1241 3177 1575 3266 Eriphyla
1604 3200 1777 3265 quae
1820 3203 1947 3270 pro
1982 3182 2214 3248 mariti
2247 3181 2388 3246 vita

293 3284 551 3351 monile
576 3281 897 3370 sumpfit?
940 3282 1171 3368 Longe
1195 3282 1389 3362 sane,
1437 3278 1662 3367 inquit
1693 3281 1991 3363 Glauco;
2050 3307 2170 3372 ego
2203 3283 2385 3347 enim

298 3386 419 3450 tibi
452 3409 583 3474 pro
607 3385 722 3451 illo
750 3385 1190 3475 respondebo.
1242 3411 1247 3418 ⁸

471 3589 710 3655 Nonne
748 3591 950 3657 etiam
992 3588 1550 3657 incontinentiam
1586 3593 1810 3666 censes
1846 3588 2085 3654 iccirco
2128 3583 2390 3654 dudum

296 3693 716 3781 vituperari,
789 3691 970 3786 quod¹
1016 3694 1410 3760 remittitut*
1428 3694 1502 3759 in
1543 3678 1622 3757 ea
1674 3691 1900 3756 dirum
1954 3701 2022 3753 et
2064 3712 2393 3776 magnum

294 3796 461 3862 illud
496 3807 566 3860 et
596 3793 1017 3860 multiforme
1046 3798 1351 3863 animans
1371 3798 1574 3883 supra
1604 3815 1808 3880 quam
1842 3792 2157 3880 oportet?
2200 3794 2395 3862 Patet

298 3921 501 3977 vero,
559 3893 801 3985 inquit.
909 3896 1354 3964 Contumacia
1386 3886 1632 3963 'autem
1677 3887 1744 3958 εἰ
1780 3896 2125 3962 morositas
2165 3920 2395 3964 nonne

298 4000 767 4088 vituperatur,
813 4000 1082 4086 quando
1126 4000 1475 4066 leoninum
1511 4008 1578 4062 et
1607 3995 1977 4082 anguinum
2018 4014 2304 4088 augetur
2330 4010 2397 4061 et

298 4101 678 4169 intenditur
721 4113 993 4192 praeter
1041 4101 1377 4172 modum?
1443 4099 1622 4170 Sane
1666 4098 1963 4190 quidem.
2061 4099 2399 4170 Luxuries
