2738 4600
1073 330 1570 400 TIMAEUS.
2240 341 2358 407 145

276 517 668 595 procreatus
709 513 778 568 et
823 503 914 566 est
954 515 1022 568 et
1058 505 1209 570 erit.
1286 507 1721 591 'Corporeum
1757 518 1981 574 autem
2027 521 2095 575 et
2123 511 2363 599 adspe-

280 610 518 675 ctabile
545 608 848 692 itemque
881 606 1224 672 tractabile
1252 614 1507 674 necefl’e
1534 611 1619 673 est
1646 633 1847 674 omne
1872 618 1997 681 esse
2024 614 2204 700 quod
2233 639 2361 682 na..

275 723 422 778 *tum
452 713 557 778 eft.
616 709 793 775 nihil
819 731 1023 797 porro
1049 708 1194 796 igni
1231 728 1528 776 vacuum
1569 712 1780 778 videri
1813 718 2041 799 potest,
2085 739 2212 783 nec
2239 740 2361 782 ve—

275 836 355 879 ro
389 813 575 898 tangi
606 812 786 900 quod
830 824 1054 878 eareat
1080 814 1328 893 solido,
1392 814 1683 879 solidum
1715 826 1946 881 autem
1973 818 2141 884 nihil
2179 822 2360 906 quod

264 929 503 982 terrae
534 916 614 979 fit
640 920 910 1005 expers.
976 917 1414 1001 quamobrem
1452 940 1538 984 ex
1571 918 1731 1003 igne
1762 931 1831 984 et
1861 932 2047 986 terra
2074 923 2362 989 univer-

274 1020 486 1085 fitatis
534 1038 777 1107 corpus
818 1018 984 1083 deus
1022 1020 1355 1085 mundum
1402 1023 1786 1087 construere
1825 1024 2116 1089 moliens
2145 1024 2360 1093 finxit.

266 1123 418 1188 duo
456 1133 684 1187 autem
732 1121 867 1187 sola
905 1121 1078 1185 bene
1119 1122 1483 1188 cohaerere
1533 1124 1671 1190 fine
1707 1126 1907 1192 tertio
1971 1140 2359 1211 nequeuntJ
2462 1114 2467 1119 ³

278 1226 630 1293 vinculum
686 1227 870 1291 enim
908 1224 1335 1290 interiectum
1381 1227 1456 1289 fit
1499 1239 1769 1316 oportet
1814 1228 2017 1296 ambo
2071 1232 2365 1297 coniun-

276 1349 459 1415 gens.
501 1329 612 1392 sed
633 1326 1163 1397 vinculorum-id
1189 1328 1275 1390 est
1303 1327 2037 1417 pulcherrimumquod
2057 1357 2145 1398 ex
2173 1337 2366 1401 seat-

276 1453 411 1518 que
434 1431 517 1496 iis
531 1451 708 1515 quae
732 1428 1081 1512 adstringit
1105 1450 1306 1514 quam
1325 1431 1625 1497 maxime
1638 1454 1853 1502 unum
1872 1435 2087 1504 efficit.
2133 1437 2204 1502 id
2238 1461 2364 1528 op-

276 1535 443 1600 time
461 1531 833 1616 assequitur
856 1529 1202 1616 proportio
1214 1554 1236 1610 3
1279 1534 1548 1619 quando
1562 1533 1747 1599 enim
1766 1534 1972 1602 trium
1991 1541 2101 1604 vel
2116 1563 2366 1607 nume·-

262 1660 520 1705 ·rorum
544 1633 663 1697 vel
689 1654 1044 1721 corporum
1079 1634 1186 1698 vel
1212 1656 1799 1722 quorumcumque
1841 1661 2172 1724 generum
2211 1666 2366 1709 men

260 1743 506 1817 ¹dium,
538 1735 720 1821 quod
747 1737 1050 1823 primum
1069 1736 1164 1801 ad
1190 1736 1576 1823 ipsum‚hoc
1604 1739 1822 1825 ipsum
1849 1743 1930 1805 ad
1950 1746 2364 1829 postremum

280 1851 394 1925 est,
411 1839 825 1922 vicisfimque
843 1839 1022 1925 quod
1043 1850 1194 1903 exn
1197 1862 1429 1904 emum
1446 1843 1525 1904 ad
1545 1840 1868 1918 medium,
1884 1842 1954 1906 id
1968 1842 2264 1909 medium
2280 1845 2368 1910 ad

278 1953 615 2043 primum,
642 1957 790 2010 tum
813 1943 878 2007 id
900 1940 1079 2026 quod
1101 1941 1405 2005 medium
1420 1942 1508 2004 est
1525 1942 1834 2034 prImum
1862 1954 1931 2007 et
1960 1945 2369 2030 postremum

266 2055 365 2121 :fit
368 2053 795 2139 ,postremum
813 2066 979 2109 vero
995 2058 1065 2107 et
1098 2043 1402 2130 primum
1428 2045 1652 2110 media
1673 2045 1850 2110 fiunt
1876 2046 2101 2126 ambo,
2140 2044 2368 2133 itaque

284 2152 662 2219 necessitas
683 2148 861 2233 cogit
910 2160 992 2212 ut
1032 2144 1278 2211 omnia
1328 2147 1450 2210 fint
1507 2149 1779 2224 eadem,
1843 2153 2074 2214 eadem
2133 2162 2366 2227 autem

283 2271 502 2343 quum
544 2249 728 2317 facta
753 2251 880 2315 fint
901 2250 1076 2314 inter
1099 2249 1198 2326 se,
1242 2271 1458 2314 unum
1486 2250 1610 2317 fint
1639 2252 1890 2317 omnia.
1947 2253 2180 2339 quodfi
2208 2254 2379 2319 lati-

284 2359 593 2426 tudinem
636 2352 944 2440 quiderm
1003 2351 1428 2418 altitudinem
1465 2377 1628 2420 vero
1673 2356 1932 2419 nullam
1963 2354 2212 2419 habere
2244 2356 2367 2419 de·-

285 2463 520 2527 buiffet
546 2457 999 2522 universitatis
1036 2478 1299 2544 corpus,
1344 2479 1563 2520 unum
1593 2456 2029 2521 interiectum
2061 2456 2367 2523 medium

287 2565 441 2631 satis
481 2562 702 2627 fuisset
743 2561 826 2623 ad
870 2582 947 2622 ea
988 2557 1232 2641 quibus
1283 2563 1440 2623 efl'et
1463 2557 1930 2643 interpositum
1963 2568 2031 2621 et
2059 2545 2381 2646 seipsum*

288 2664 701 2750 colliganda3
743 2682 927 2723 nunc
950 2672 1172 2726 autem
1202 2659 1491 2724 solidum
1524 2664 1647 2724 effe
1663 2659 1964 2744 debehat,
2006 2662 2209 2726 solida
2242 2684 2368 2728 ve>-

266 2765 371 2836 ‘ro
404 2786 624 2831 unum
659 2762 964 2827 medium
988 2782 1385 2846 numquam,
1424 2761 1537 2826 sed
1570 2761 1703 2826 duo
1735 2764 1999 2850 semper
2023 2766 2366 2851 copulant.
2421 2817 2430 2828 ,

289 2875 521 2959 itaque
562 2869 741 2932 inter
768 2866 995 2950 ignem
1016 2880 1104 2929 ·et
1133 2877 1389 2931 terram
1420 2866 1582 2930 deus
1610 2886 1854 2949 aquam
1880 2878 1947 2931 et
1975 2868 2214 2934 aerem‘
2235 2889 2370 2953 po-

273 2979 425 3043 'suit
449 2993 660 3057 eaque
685 2968 901 3055 quoad
924 2967 1072 3031 fieri
1096 2980 1357 3056 poterat
1372 2969 1551 3033 inter
1581 2969 1649 3032 se
1674 2990 2072 3055 comparans
2089 2971 2209 3035 ead
2217 2994 2369 3035 em-

291 3101 424 3168 que
440 3074 883 3164 proportione
910 3069 1344 3156 coniungens,
1364 3084 1446 3137 ut
1476 3071 1654 3158 quod
1684 3073 1857 3158 ignis
1875 3073 1957 3137 ad
1974 3070 2371 3151 aerem‚hoo

272 3182 410 3247 'a‘e'r
446 3179 527 3245 ad
560 3198 807 3264 aquam
828 3222 848 3251 ,
896 3189 965 3241 et
997 3172 1174 3262 quod
1209 3174 1325 3239 aer
1371 3173 1453 3239 ad
1481 3195 1728 3258 aquam
1751 3227 1770 3255 ‚
1813 3174 1882 3238 id
1914 3195 2089 3258 aqua
2113 3171 2196 3237 ad
2233 3184 2371 3248 ter·-

294 3306 446 3350 ram
474 3286 669 3356 estet,
731 3278 1067 3364 colligavit
1107 3288 1176 3340 et
1221 3277 1584 3342 construxit
1630 3278 1887 3342 caelum
1928 3272 2372 3362 adspectabile

296 3401 366 3452 et
406 3382 770 3452 tractabile.
838 3396 1040 3468 atque
1081 3378 1259 3443 hanc
1306 3380 1394 3442 ob
1438 3380 1704 3445 causam
1751 3392 1819 3444 et
1863 3402 1947 3445 ex
1981 3378 2087 3441 his
2124 3373 2366 3437 talibus

238 3560 243 3564 ,
294 3507 720 3572 numeroque
749 3497 1070 3571 quattuor
1095 3482 1335 3548 mundi
1361 3504 1608 3569 corpus
1626 3481 1940 3556 effectum
1969 3480 2057 3541 est
2084 3495 2372 3561 propot-

294 3593 487 3659 tione
531 3590 753 3654 fecum
795 3586 1214 3658 consentiens
1254 3596 1322 3650 et
1360 3584 1650 3650 amicitia
1694 3585 1761 3646 se
1793 3580 1955 3647 inde
1981 3575 2373 3660 complecti..

297 3706 434 3774 tur,
467 3703 566 3771 ut,
607 3712 814 3777 quum
843 3690 916 3755 in
941 3711 1156 3755 unum
1184 3690 1408 3754 secum
1442 3687 1789 3763 coaluerit,
1818 3677 2084 3748 dissolvi
2114 3701 2153 3741 a
2182 3678 2371 3743 nullo

300 3798 430 3863 alio
482 3792 843 3882 queat‘nifi
872 3791 956 3857 ab
1006 3791 1243 3856 eodem
1273 3814 1312 3855 a
1356 3812 1495 3875 quo
1531 3791 1619 3854 est
1650 3787 2057 3872 colligatum.
2147 3780 2373 3870 Quat-

299 3912 461 3965 tuor
502 3912 727 3965 autem
764 3897 1040 3962 illarum
1068 3916 1299 3960 rerum
1336 3915 1546 3958 unam
1572 3900 1784 3955 totam
1817 3877 2157 3969 quamque
2183 3909 2380 3951 acce-

300 4001 407 4091 pit
442 4002 676 4067 mundi
707 3999 1144 4067 constructi03
1187 3996 1338 4082 igne
1356 3995 1537 4060 enim
1555 3991 1738 4058 omni
1765 4001 1834 4054 et
1864 4007 2040 4074 aqua
2057 4002 2124 4055 et
2138 3992 2290 4056 aere
2313 3999 2379 4052 et

301 4113 486 4171 terra
511 4104 892 4193 composuit
932 4125 1090 4167 eum
1122 4102 1176 4167 is
1214 4101 1333 4188 qui
1365 4095 1768 4184 composurt‚
1811 4104 2080 4184 partem
2114 4093 2375 4161 nullam
