2738 4600
1143 281 1663 354 TIMAEUS.
2170 385 2171 388 Ἴ
2318 307 2444 376 229

363 451 682 539 frigerata
727 454 948 520 minus
986 455 1333 521 laboraret
1380 453 1734 541 magisque,
1774 454 2016 534 rationi
2060 456 2196 543 ipsa
2243 457 2445 522 adiu-n

364 566 569 619 vante
609 557 1150 624 excandescentia
1195 557 1403 643 pollet
1443 555 1933 645 obtemperare.
2020 560 2195 634 Eam
2232 582 2441 646 porro

364 658 567 723 animi
608 671 868 747 partem
888 681 1060 744 quae
1085 660 1420 753 esculenta
1439 671 1502 725 et
1524 660 1868 748 potulenta
1896 664 2149 747 appetit
2173 687 2280 728 om
2292 664 2444 728 nia·-

261 762 278 775 ‘
362 782 494 844 que
538 784 829 848 quorum
883 762 1133 850 indiget
1180 775 1466 851 propter
1511 762 1814 847 corporis
1859 777 2208 843 naturam,
2270 768 2442 831 inter

359 867 762 951 praecordia
786 868 1281 953 terminumque
1309 866 1393 929 ad
1423 867 1810 931 umbilicum
1841 869 2283 953 pertinentem
2299 870 2444 933 col-

359 964 705 1051 locarunt,
749 981 1094 1054 tamquam
1127 971 1448 1058 praesepe
1492 972 1562 1034 in
1605 970 1922 1034 universo
1972 971 2100 1043 hoc
2145 974 2442 1059 corporis

267 1071 272 1078 ’
361 1067 515 1133 loco
544 1072 858 1136 alimento
891 1072 1189 1137 fabricati
1215 1099 1234 1146 ς
1262 1086 1466 1159 atque
1497 1069 1878 1160 deligar'unt
1905 1073 2089 1148 illam
2107 1074 2242 1147 huc
2279 1096 2439 1159 qua·

359 1173 404 1234 fi
440 1171 730 1239 belluam
765 1175 980 1242 feram
1009 1175 1366 1242 neceffario
1396 1198 1614 1259 quum
1643 1178 1908 1262 alligata
1941 1181 2094 1244 effet
2125 1177 2443 1242 nutrien-

360 1273 511 1339 dam
531 1324 550 1356 ‚
611 1279 931 1364 liquidem
974 1280 1265 1344 mortale
1296 1279 1655 1362 aliquando
1681 1303 1890 1365 genus
1923 1279 2230 1346 futurum
2256 1279 2440 1344 effet.

358 1387 435 1440 ut
466 1377 669 1462 igitur
693 1382 961 1468 semper
992 1381 1328 1444 nutritum
1364 1382 1447 1444 ad
1481 1383 1794 1468 praesepe
1825 1396 1921 1462 et,
1956 1407 2221 1469 quuma
2252 1392 2458 1468 parte*

361 1481 744 1552 consulente
772 1505 973 1565 quam
1011 1482 1377 1566 longissime
1406 1482 1774 1557 habitaret,
1824 1487 2191 1573 tumultum
2221 1499 2284 1550 et
2313 1486 2442 1548 cla-

360 1605 623 1647 morem
666 1605 864 1667 quam
904 1581 1264 1648 minimum
1317 1585 1515 1649 edens
1559 1584 1887 1671 optimam
1915 1586 2141 1651 animi
2179 1599 2440 1673 partem

360 1684 720 1769 tranquille
770 1684 853 1748 de
884 1708 964 1748 eo
1009 1687 1188 1768 quod
1234 1687 1550 1751 omnibus
1598 1689 2058 1753 communiter
2107 1691 2442 1751 conduce-

358 1798 465 1853 ret
501 1782 847 1879 conlilium
875 1787 1043 1851 inire
1076 1790 1335 1870 fineret,
1382 1790 1556 1855 hanc
1584 1788 1670 1867 ob
1703 1790 1966 1855 causam
2006 1789 2187 1878 hunc
2222 1789 2281 1851 ei
2316 1791 2442 1853 ‹le-,-

358 1890 602 1955 den-unt
659 1891 905 1958 locum.
980 1891 1251 1956 scientes
1300 1890 1525 1957 autem
1586 1913 1733 1956 eam
1772 1892 2101 1958 rationem
2140 1915 2276 1955 non
2317 1895 2444 1955 effe

355 1991 854 2058 intellecturam
895 2006 998 2077 et,
1043 1994 1200 2059 licet
1231 1992 1406 2058 forte
1434 1994 1633 2058 etiam
1665 1993 1947 2060 alicuius
1975 1993 2195 2057 sensus
2227 1994 2443 2077 parti--⁸

357 2116 513 2180 ceps
547 2094 773 2177 fieret,
837 2107 1062 2160 tamen
1113 2096 1245 2159 hoc
1291 2097 1353 2159 ei
1397 2119 1536 2160 non
1575 2097 1839 2161 inlitum
1873 2094 2019 2159 fore
2049 2109 2124 2159 ut
2152 2095 2442 2170 rationes

357 2196 680 2280 quasdam
714 2209 1013 2278 curaret,
1060 2197 1167 2261 sed
1199 2222 1236 2263 a
1269 2199 1634 2264 simulacris
1668 2209 1735 2262 et
1768 2198 1916 2262 vifis
1949 2210 2180 2262 noctes
2217 2197 2440 2260 etdies

355 2298 656 2364 'maxime
698 2299 1015 2364 allectum
1057 2298 1180 2382 iri,
1227 2302 1308 2366 de
1338 2300 1468 2369 hoc
1497 2303 1702 2388 igitur
1733 2303 2036 2387 cogitans
2066 2300 2230 2363 deus
2259 2299 2441 2363 ieco-

354 2401 448 2466 ris
479 2402 764 2488 speciem
808 2425 963 2465 cum
1003 2424 1081 2466 ea
1131 2403 1485 2467 coniunxit
1533 2416 1597 2466 et
1630 2404 1699 2471 in
1731 2402 1935 2466 huius
1970 2424 2116 2467 eam
2153 2399 2441 2464 domici-

354 2500 449 2565 lio
476 2503 859 2577 collocavit,
905 2503 1188 2568 densum
1231 2516 1299 2568 et
1327 2504 1480 2569 leve
1510 2516 1577 2567 et
1603 2502 2021 2590 splendidum
2051 2514 2116 2565 et
2143 2502 2348 2565 'dulce
2376 2514 2442 2582 et

357 2624 666 2666 amarum
702 2596 1156 2684 machinatus»,
1199 2618 1276 2669 ut
1304 2603 1376 2668 in
1405 2628 1485 2668 eo
1518 2604 2016 2691 cogitationum*
2033 2604 2125 2669 vis
2164 2627 2200 2666 e
2227 2605 2441 2668 ratio-

353 2725 443 2769 ne
474 2702 918 2790 proficiscenS,
964 2706 1154 2771 velut
1182 2704 1254 2769 in
1285 2706 1549 2793 speculo
1579 2706 1808 2770 firmas
1838 2705 2205 2793 recipiente
2231 2705 2440 2785 visui-

354 2827 486 2892 que
526 2807 849 2890 imagines
895 2807 1292 2884 exhibente,
1338 2821 1629 2874 terreret
1668 2809 1894 2889 illam,
1940 2809 2211 2893 quando
2247 2821 2440 2896 parte

353 2909 790 2973 amaritudini
832 2922 1111 2996 cognata
1159 2913 1275 2977 usa
1320 2923 1387 2976 et
1429 2911 1513 2976 ad
1552 2932 1792 2998 graves
1838 2917 2179 3001 progreffa
2218 2902 2465 2990 minas‘

352 3033 478 3098 per
507 3022 725 3076 totum
772 3014 837 3075 se
865 3014 1170 3079 celeriter
1201 3013 1597 3081 admisceret
1626 3015 1810 3080 iecur
1839 3025 1905 3078 et
1935 3018 2190 3081 colores
2225 3017 2438 3078 osten-

354 3111 543 3178 deret
596 3113 795 3179 bilem
856 3116 1205 3180 reddentes
1260 3104 1802 3199 contrahensque
1845 3126 2060 3182 totum
2111 3106 2437 3200 rugosum

273 3227 286 3231 ”
354 3226 419 3278 et
456 3217 764 3302 asperum
804 3217 1123 3300 efficeret,
1173 3241 1319 3285 eam
1351 3231 1573 3285 autem
1597 3229 1858 3305 partem
1890 3217 2005 3303 qui
2043 3218 2237 3282 Iobus
2267 3217 2439 3280 dici·-
2548 3298 2551 3307 Ι

352 3327 469 3380 tur
503 3328 582 3383 et
609 3323 1028 3406 receptacula
1075 3334 1441 3410 portasque
1477 3319 1724 3409 partim
1756 3343 1792 3383 a
1822 3333 2004 3385 recto
2027 3322 2192 3384 statu
2228 3318 2437 3397 defle-7

354 3429 543 3483 ctens
584 3430 651 3484 et
702 3424 1182 3510 constringenS,
1240 3423 1487 3509 partim
1532 3422 1967 3509 intersepiens
2009 3432 2071 3487 et
2120 3421 2436 3485 claudens

353 3521 412 3585 d.
430 3524 614 3585 loves
644 3532 711 3586 et
744 3535 1024 3610 angores
1058 3523 1365 3600 efficeret,
1389 3536 1458 3590 et
1487 3525 1754 3613 quando
1791 3523 2123 3588 contraria
2149 3521 2282 3584 visa
2311 3522 2435 3584 de-

347 3623 659 3714 pingeret
689 3627 1214 3692 mansuetudinis
1252 3627 1525 3715 quidam
1559 3650 1598 3691 e
1648 3625 2044 3712 cogitatione
2082 3622 2432 3710 profectus

350 3724 651 3808 afflatus,
712 3727 1177 3794 amaritudinis
1216 3731 1508 3818 quietem
1566 3729 1852 3794 afferens
1884 3748 1962 3789 eo
2004 3725 2182 3812 quod
2216 3746 2434 3809 neque

349 3850 626 3898 movere
653 3853 873 3920 neque
915 3832 1246 3920 attingere
1274 3833 1479 3900 vellet
1501 3829 1905 3898 contrariam
1939 3827 2058 3893 fibi
2093 3839 2432 3910 naturam,
