2738 4600
1068 336 1583 408 TIMAEUS.
1849 355 1860 365 ·
1963 419 1969 423 ‚
2217 326 2374 431 '157

272 526 432 583 octo
466 511 758 582 curfibus
782 508 1148 592 ferrentur,
1190 512 1427 578 lumen
1457 511 1623 577 deus
1657 510 1960 578 accendit
1989 511 2065 580 in
2087 513 2371 580 secundo

276 618 365 686 ad
385 629 631 683 terrain
659 613 945 694 ambitu,
966 635 1170 699 quem
1197 615 1475 700 quidem
1504 614 1710 680 modo
1743 615 2233 704 appellavimus
2262 616 2375 682 so·-

276 723 453 801 lem,
498 732 581 785 ut
610 740 740 805 per
771 716 1160 782 universum
1191 719 1450 784 luceret
1475 720 1741 784 caelum
1782 720 2184 805 numerique
2209 740 2376 806 par-

281 823 520 911 ticipes
564 820 810 886 fierent
853 821 1232 889 animantes
1273 819 1806 907 quibuscumque
1847 821 1919 886 id
1962 823 2377 904 conveniret,

271 927 744 1014 cognoscentes
773 945 931 989 eum
973 924 1058 989 ab
1087 924 1384 990 eiusdem
1427 925 1788 1009 similisque
1830 935 2118 997 naturae
2155 936 2374 990 motu.

272 1053 418 1099 nox
461 1029 666 1115 igitur
704 1038 772 1090 et
811 1025 951 1093 dies
999 1028 1081 1093 ad
1121 1027 1310 1095 hunc
1354 1028 1635 1095 modum
1669 1039 1739 1092 et
1766 1024 1858 1105 ab
1891 1008 2011 1095 has
2057 1038 2377 1113 generata

278 1133 526 1215 causas,
569 1131 769 1197 unius
800 1140 870 1194 et
890 1131 1344 1218 sapientiffimi
1369 1131 1465 1197 cii
1470 1130 1686 1197 cuitus
1714 1131 2094 1196 converfio·
2074 1177 2095 1213 ‚
2138 1130 2377 1195 mensis

272 1245 535 1315 autem,
552 1232 823 1321 quando
854 1234 1018 1299 luna
1043 1234 1309 1299 lustrato
1336 1235 1460 1300 suo
1503 1237 1700 1300 cursu
1732 1235 1934 1300 solem
1969 1235 2379 1318 consequuta

266 1339 385 1412 est,·
402 1349 471 1402 et
496 1357 736 1409 annus,
754 1335 874 1403 ubi
903 1337 1002 1401 fol
1035 1336 1274 1401 orbem
1305 1336 1506 1402 suum
1536 1338 1942 1425 peragravit.
1988 1347 2377 1403 ceterorum

267 1450 504 1506 autem
528 1440 825 1504 siderum
857 1438 1152 1505 ambitus
1167 1438 1554 1526 ignorantes
1583 1441 1892 1507 homines
1908 1450 2181 1530 praeter
2210 1460 2375 1527 pau-

264 1567 390 1610 cos
421 1543 505 1607 de
528 1539 849 1630 plurimis
879 1563 1098 1626 neque
1136 1547 1410 1608 nomine
1442 1545 1786 1630 appellant
1823 1564 2048 1630 neque
2080 1542 2261 1608 inter
2308 1542 2376 1605 se

265 1668 572 1713 numero
605 1642 1170 1709 commetiuntur:
1221 1658 1301 1712 ut
1329 1647 1630 1712 nesciant
1671 1648 2160 1735 propemodum
2194 1657 2378 1710 tem·-

267 1772 407 1843 pus
440 1740 567 1813 e‘ffe
596 1747 848 1811 horum
896 1768 1192 1821 errores.
1238 1747 1672 1812 multitudine
1700 1746 2009 1827 infinita,
2050 1746 2380 1815 varietate

270 1850 669 1920 admirabili
698 1845 1066 1936 praeditos.
1095 1846 1308 1914 nihilo
1336 1862 1565 1913 tamen
1595 1848 1823 1915 minus
1859 1850 2146 1936 perspici
2173 1849 2380 1936 potest

271 1956 581 2023 absoluto
615 1949 1053 2043 perfectoque
1097 1975 1387 2017 numero
1424 1952 1746 2039 temporis
1786 1951 2174 2017 absolutum
2220 1972 2382 2038 per·-

269 2059 666 2143 fectumque
682 2077 937 2120 annum
964 2054 1301 2141 compleri
1329 2067 1476 2122 tum
1513 2075 1726 2139 quum
1746 2052 2053 2121 o'mnium
2088 2065 2239 2119 octo
2272 2077 2379 2118 or·

272 2161 469 2226 bium
499 2158 879 2223 celeritates
919 2155 1220 2222 cursibus
1244 2159 1374 2222 suis
1404 2157 1584 2222 inter
1605 2157 1674 2221 se
1704 2157 2026 2222 confectis>
2052 2157 2135 2221 ad
2167 2165 2379 2243 caput

268 2258 744 2326 se·retulerint
785 2279 1034 2344 easque
1077 2260 1474 2346 permensus
1521 2261 1598 2324 fit
1641 2257 1938 2326 eiusdem
1973 2260 2373 2348 semperque

268 2363 374 2428 sui
404 2362 629 2429 fimitis
660 2373 950 2426 naturae
979 2362 1177 2427 orbis·
1224 2362 1343 2450 bas
1374 2363 1581 2448 igitur
1615 2363 1702 2426 ob
1740 2367 1969 2429 causas
2013 2376 2171 2430 nata
2218 2366 2377 2427 suut

270 2469 439 2533 astra
480 2487 946 2553 quaecumque
988 2488 1116 2551 per
1145 2468 1411 2530 caelum
1451 2465 1876 2554 penetrantia
1910 2466 2174 2530 solstitia
2203 2464 2378 2529 bru-

270 2591 557 2654 masque
587 2570 832 2655 adepta
884 2568 1077 2646 sunt,
1122 2578 1198 2631 ut
1236 2568 1366 2632 hoc
1409 2568 1808 2634 universum
1840 2569 2170 2636 animanti
2204 2584 2380 2655 per-.-

269 2671 627 2738 fectisfimo
666 2682 738 2732 et
785 2668 907 2734 sub
956 2668 1467 2754 intelligentiam
1530 2672 1794 2737 cadenti
1832 2672 1919 2739 ad
1959 2670 2376 2737 aeternitatis

268 2773 732 2841 imitationem
765 2776 923 2841 effet
951 2792 1150 2858 quam
1195 2772 1620 2839 simillimum.

444 2876 586 2940 Iam
619 2875 704 2942 ad
729 2874 987 2959 reliqua
1012 2873 1282 2959 quidem
1300 2876 1480 2961 quod
1495 2876 1735 2942 attinet
1759 2899 1971 2965 usque
1996 2877 2079 2943 ad
2101 2888 2376 2964 tempo-

274 2977 373 3052 ris
404 2992 633 3043 ortum
667 2977 965 3046 effictum
1007 2988 1151 3042 erat
1179 2976 1261 3042 ad
1299 2980 1441 3042 eius
1479 2978 1984 3048 fimilitudinem
2025 2982 2204 3069 quod
2242 3002 2376 3044 ex·-

275 3081 741 3169 primebatur,
788 3080 938 3162 sed,
985 3102 1200 3165 quum
1242 3081 1552 3147 nondum
1585 3085 1811 3149 omnia
1841 3084 2160 3150 animalia
2198 3083 2376 3147 intra

278 3186 347 3249 se
372 3195 713 3272 procreata
736 3184 1366 3272 comprehenderet,
1383 3208 1470 3250 ex
1492 3208 1572 3250 ea
1597 3198 1791 3275 parte
1813 3186 2038 3252 adhuc
2064 3185 2376 3252 dissimile

281 3299 445 3351 erat.
473 3286 601 3350 hoc
633 3299 863 3354 autem
893 3309 1026 3373 quo
1066 3285 1506 3353 deficiebatur
1532 3286 1920 3356 universum
1954 3290 2175 3354 effecit
2206 3287 2373 3362 (bus
2489 3366 2494 3370 ⁸

278 3389 369 3453 ad
403 3386 808 3477 exemplaris
840 3389 1225 3474 exprimens
1256 3403 1592 3457 naturam.
1645 3405 1815 3475 quot
1846 3392 2054 3478 igitur
2094 3401 2163 3453 et
2200 3410 2376 3473 qua-

274 3493 377 3557 les
409 3490 821 3556 animalium·
840 3489 1095 3558 formas
1122 3514 1311 3558 mens
1338 3494 1411 3559 in
1441 3518 1517 3559 eo
1545 3497 1724 3580 quod
1755 3517 1919 3560 vere
1954 3494 2042 3558 est
2065 3491 2374 3558 animan·

276 3604 345 3659 te
377 3590 617 3672 cernit,
660 3591 822 3654 tales
853 3602 920 3656 et
956 3594 1231 3662 totidem
1276 3599 1501 3664 secum
1539 3599 1858 3685 cogitavit
1889 3598 2087 3664 etiam
2130 3596 2201 3660 in
2241 3595 2374 3660 hoc

279 3706 595 3785 oportere
628 3692 940 3760 universo
963 3693 1179 3764 inesse.
1224 3700 1381 3765 sunt
1406 3715 1637 3768 autem
1672 3714 2030 3787 quattuor,
2078 3723 2373 3786 quarum

276 3819 413 3862 una
454 3796 724 3861 caeleste
774 3795 1347 3885 deorum'genus,
1407 3805 1615 3869 altera
1661 3807 2103 3891 pennigerum
2147 3816 2215 3868 et
2253 3804 2374 3876 aej-

275 3921 508 3980 reum,
548 3900 748 3965 tertia
793 3902 1100 3986 aquatilis
1131 3903 1418 3991 species,
1463 3907 1777 3993 pedestris
1817 3927 1981 3970 vero
2036 3917 2106 3969 et
2149 3919 2374 3971 terre-

275 4003 417 4095 stris
455 4017 713 4091 quarta.
758 4026 839 4071 ac
872 4003 1090 4072 divini
1121 4005 1395 4092 quidem
1418 4006 1704 4096 speciem
1748 4007 2050 4073 maxime
2086 4007 2374 4076 faciebat
