2738 4600
1119 276 1605 385 'CRITIAa
1920 353 1931 364 ,
2118 321 2139 350 .
2313 285 2471 376 5η,

353 466 433 532 fis
447 462 869 532 incrementa
882 464 1210 548 ceperunt
1223 474 1400 541 quae
1421 452 1993 524 enumeravimus.
2034 477 2250 546 quum
2262 475 2438 523 vero

225 579 230 584 ’
356 566 468 633 dei
492 563 671 632 sors
651 586 723 631 m
740 559 820 628 iis
835 558 1203 627 evanuiffet
1220 578 1376 622 cum
1388 557 1607 623 multo
1620 558 1888 625 mortali
1902 560 2269 648 multieque
2283 583 2446 628 mo·-

355 670 461 737 dis
486 665 903 754 commixta,
944 664 1250 732 humanu
1294 672 1523 726 autem
1554 647 1812 729 indoleo
1852 663 2248 749 superass'et,
2291 674 2443 728 tum

356 773 642 840 demum
672 771 857 837 bona
888 786 1057 853 quae
1094 760 1435 831 habebant
1460 761 1643 833 ferre
1682 786 1822 840 non
1866 777 2242 855 potuerunt
2276 788 2446 856 pra-

353 898 623 964 vosque
656 875 724 939 se
749 866 1250 963 praebuerunt,
1296 878 1365 933 et
1408 866 1476 936 ei
1520 866 1643 955 qui
1695 865 1957 935 videre-
1984 879 2252 959 poterat
2296 880 2447 935 tur-

353 987 491 1070 pes'
510 976 954 1053 videbantur,
991 968 1463 1058 pulcherrima
1496 992 1535 1035 e
1559 969 2031 1060 pretiofiffimis
2054 972 2444 1062 perdentes,
2490 955 2505 974 ‘

354 1080 442 1149 ab
481 1081 565 1148 iis
602 1099 770 1146 vero
813 1071 932 1162 qui
967 1091 1203 1141 veram
1243 1073 1331 1139 ad
1368 1071 1762 1152 felicitatem
1787 1070 2004 1141 vitam
2033 1074 2270 1142 videre
2296 1096 2441 1140 non

354 1191 671 1274 poterant
686 1226 710 1263 ‚
751 1187 905 1243 tum
933 1174 1184 1242 scilicet
1208 1174 1464 1264 oppido
1498 1172 1766 1265 pulchri
1799 1187 1869 1242 et
1903 1174 2086 1242 beati
2118 1176 2444 1242 existima-

291 1326 294 1330 >
354 1285 642 1367 bantur,
684 1278 1006 1347 aviditate
1028 1276 1269 1346 iniusta
1299 1287 1368 1342 et
1393 1275 1697 1367 potentia
1723 1278 2010 1368 impleti.
2079 1278 2247 1346 deus
2275 1300 2445 1348 vero

354 1388 647 1455 deorum
684 1380 989 1471 luppiter
1029 1378 1192 1447 iuste
1233 1378 1612 1469 imperans,
1655 1381 1909 1470 quippe
1955 1382 2045 1450 ad
2080 1381 2252 1450 haec
2288 1404 2448 1448 cer-

355 1488 579 1559 nenda
605 1484 879 1566 valens,
921 1503 1139 1571 quum
1168 1481 1589 1550 intellexiffet
1627 1502 1840 1567 genus
1876 1486 2173 1574 probum
2199 1483 2447 1552 misere

358 1592 682 1662 affectum
707 1592 866 1670 effe,
910 1606 1134 1675 poena
1165 1606 1282 1650 eos
1307 1583 1575 1651 afficere
1603 1584 1896 1676 cogitans
1911 1631 1934 1669 ‚
1978 1598 2058 1653 ut
2084 1585 2454 1656 modestio-
2513 1575 2516 1582 ’

356 1720 470 1768 res
510 1692 887 1760 evaderent
923 1687 1214 1774 castigati
1228 1738 1250 1773 ‚
1292 1687 1692 1758 convocavit
1741 1688 1905 1762 ‹leos
1948 1712 2183 1758 omnes
2208 1689 2281 1756 in
2315 1712 2448 1755 au-

357 1796 788 1888 guffirfimam
819 1814 1057 1861 eorum
1084 1789 1335 1874 sedem,
1351 1812 1527 1878 quae
1563 1790 1841 1879 quidem
1872 1794 2106 1861 locum
2139 1792 2445 1864 medium

359 1901 658 1969 univerfi
693 1893 934 1965 muudi
989 1891 1251 1963 obtinet
1295 1893 1661 1983 omniaque
1711 1894 2035 1985 conspicit
2073 1919 2246 1985 quae
2295 1908 2448 1963 orta

362 2006 555 2089 sunt,
595 2012 669 2072 et
695 1996 886 2092 apud
910 2007 1314 2069 convocatos
1343 1996 1559 2066 verba
1586 1995 1751 2067 fecit
1774 1999 1823 2047 *
1847 1999 1893 2047 ὓ
1917 2000 1963 2048 ¹⁵
1985 2002 2034 2049 ¹⁶
2058 2001 2108 2048 ’Ξ
