2738 4600
1036 312 1600 380 TIMAEUS.
2240 315 2380 404 259

299 500 619 554 naturam
649 485 1020 571 explicare3
1058 483 1154 548 ita
1185 482 1395 570 igitur
1424 485 1507 549 de
1540 485 1889 551 fimulaoro
1922 497 1990 549 et
2022 485 2107 550 de
2141 508 2379 550 exem-

301 574 477 678 plari
518 590 745 653 rursus
766 587 1225 661 statuendum,
1272 587 1607 652 orationes
1639 610 1924 673 quorum
1974 591 2378 674 interpretes

299 696 421 759 fint
455 693 547 756 eia
586 691 739 778 ipsis
798 693 1007 755 etiam
1049 703 1363 775 cognatas
1408 695 1572 763 offex,
1632 703 1699 755 et
1741 714 1849 753 eas
1894 691 2155 776 quidem
2204 713 2378 776 quae

300 797 384 860 de
413 818 489 859 re
528 795 770 874 stabili,
816 794 1009 858 firma
1041 794 1383 876 mentique
1414 795 1760 879 perspicua
1793 794 2202 869 habeantur,
2251 795 2379 857 sta·-

300 897 472 960 bi<les
502 910 567 960 et
600 897 1052 963 immutabiles
1081 901 1313 973 effeet,
1362 895 1577 981 quoad
1612 899 1682 960 in
1710 898 2051 961 orationes
2084 897 2270 960 cadat
2302 906 2381 959 ut

300 1002 619 1086 redargui
644 1012 982 1085 nequeant
1011 1010 1072 1061 et
1101 998 1474 1065 immobiles
1503 1000 1658 1074 flat,
1706 1021 1785 1062 eo
1812 1021 1949 1061 non
1985 998 2230 1060 debere
2259 996 2377 1059 de-

299 1104 447 1184 fici,
493 1127 661 1187 quae
686 1116 912 1168 autem
949 1101 1322 1167 habeantur
1349 1103 1434 1164 de
1462 1125 1534 1164 re
1564 1103 1643 1167 ad
1676 1102 1855 1166 illius
1878 1097 2378 1164 fimilitudinem

300 1205 513 1271 efficta
544 1207 818 1290 eiusque
847 1187 1232 1281 fimulacro‚
1277 1226 1382 1266 eas
1412 1205 1649 1268 fimiles
1678 1208 1800 1270 effe
1828 1210 1895 1268 et
1924 1201 2083 1265 huic
2110 1201 2379 1287 respon-

190 1296 199 1300 *
298 1313 495 1386 dere3
545 1323 880 1395 quantum
912 1308 1095 1370 enim
1139 1306 1221 1368 a'd
1257 1306 1321 1368 id
1355 1307 1531 1394 quod
1561 1304 1853 1391 gignitur
1890 1306 2066 1368 valet
2102 1302 2169 1395 id
2201 1301 2380 1387 quod

298 1415 422 1493 est,
467 1424 732 1477 tantum
761 1410 845 1473 ad
878 1407 1080 1471 fidem
1111 1406 1368 1493 veritas.
1414 1411 1727 1493 quocirca
1755 1411 1798 1472 fi
1827 1406 2033 1485 forte,
2079 1405 2378 1487 Socrate,

299 1538 516 1600 quum
548 1515 761 1578 multa
782 1510 973 1575 multi
1001 1511 1429 1574 disseruerint
1456 1511 1538 1572 de
1553 1510 1830 1575 deorum
1862 1523 2099 1575 natura
2131 1521 2194 1572 et
2221 1503 2378 1570 uni-

296 1617 627 1683 verfitatis
663 1627 813 1679 ortu
840 1662 858 1688 ‚
905 1612 1126 1678 minus
1155 1612 1218 1676 id
1268 1614 1580 1697 consequi
1625 1611 1998 1695 poterimus
2046 1624 2122 1676 ut
2161 1614 2376 1679 oratio
2427 1598 2432 1603 ⁴

295 1721 521 1787 nostra
554 1739 638 1782 ex
666 1717 851 1782 omni
882 1729 1074 1804 parte
1102 1718 1320 1779 secum
1354 1715 1497 1800 ipsa
1530 1711 1932 1793 consentiat,
1975 1738 2060 1781 ne
2087 1718 2376 1792 mirei-ia,

296 1827 407 1889 sed
447 1825 491 1886 fi
520 1843 656 1886 non
685 1823 913 1885 minus
946 1841 1145 1906 quam
1181 1818 1344 1881 alius
1390 1817 1567 1878 ullus
1594 1814 1965 1898 probabiles
1996 1818 2380 1897 afferamus,

299 1934 659 1990 contentus
694 1908 821 1987 efle
863 1922 1100 1991 debes,
1146 1940 1449 1996 memor,
1494 1928 1629 1981 tam
1664 1920 1994 1986 dicentem
2039 1944 2147 1986 me
2176 1945 2379 2006 quam

296 2054 418 2095 vos
459 2027 714 2092 iudices
754 2035 1060 2091 naturam
1107 2023 1474 2087 humanam
1516 2022 1793 2085 habere:
1842 2036 1915 2087 ut
1961 2024 2378 2111 probabilem

298 2133 388 2197 de
430 2131 562 2195 hoc
603 2127 973 2193 orationem
1021 2125 1421 2211 accipientes
1461 2126 1555 2188 nil
1595 2127 1773 2191 ultra
1819 2127 2220 2192 vosdeceat
2261 2150 2379 2193 re-

298 2233 591 2324 quirere.

467 2341 576 2404 So.
632 2334 943 2418 Egregie,
973 2333 1286 2410 Timaee‚
1313 2344 1382 2395 et
1414 2332 1690 2398 omnino
1718 2345 1793 2396 ut
1826 2328 2012 2396 iubes
2041 2333 2376 2420 accipien-

302 2439 484 2504 dum.
532 2451 730 2521 atque
761 2435 1120 2499 exordium
1145 2434 1417 2521 quidem
1443 2434 1692 2500 mirum
1722 2435 1794 2498 in
1822 2436 2098 2499 modum
2125 2435 2379 2523 proba-

300 2565 491 2614 mus,
526 2542 674 2610 ,iam
712 2538 1081 2603 orationem
1113 2537 1301 2602 nobis
1335 2536 1646 2624 deinceps
1673 2536 1945 2625 perfice.

487 2644 596 2711 Τι’.
636 2641 954 2706 Dicamus
989 2639 1192 2725 igitur
1231 2662 1430 2726 quam
1473 2639 1559 2702 ob
1602 2641 1860 2708 causam
1902 2640 2225 2726 originem
2259 2663 2377 2704 re-

264 2767 464 2813 srum
506 2755 577 2806 et
622 2741 1007 2807 universum
1054 2741 1185 2805 hoc
1242 2742 1299 2806 is
1340 2742 1455 2827 qui
1502 2743 1862 2807 construxit
1906 2741 2373 2810 construxerit.
2409 2782 2412 2787 -

301 2847 558 2938 probus
604 2857 782 2923 erat3
842 2844 1091 2933 probus
1124 2854 1352 2907 autem
1399 2843 1567 2908 nihil
1612 2858 1930 2931 umquam
1964 2848 2161 2912 alicui
2190 2849 2377 2912 invi-

305 2952 450 3030 det3
508 2947 597 3014 ab
637 2947 886 3011 invidia
925 2970 1090 3011 vero
1135 2949 1391 3012 alienus
1434 2947 1662 3013 omnia
1696 2972 1897 3033 quam
1932 2950 2225 3015 maxime
2251 2972 2377 3011 vo·-

303 3053 433 3118 luit
460 3053 556 3116 sui
592 3048 827 3115 similia
861 3049 1048 3115 effici.
1095 3050 1227 3115 hoc.
1247 3049 1450 3134 igitur
1475 3073 1707 3117 rerum
1741 3054 2009 3141 originis
2042 3066 2109 3116 et
2136 3050 2375 3117 mundi

304 3151 712 3242 principium
758 3154 1168 3218 verissimum
1202 3155 1249 3216 s1
1278 3154 1425 3240 q'uis
1456 3153 1755 3222 maxime
1786 3156 2173 3243 probaverit
2200 3179 2238 3219 a
2268 3154 2375 3216 vi·-

304 3256 399 3320 ris
430 3254 832 3350 sapientibus
859 3259 1140 3342 positum
1165 3256 1520 3320 reetiffime
1536 3250 1952 3341 probaveritss
1980 3263 2140 3325 'nam
2159 3276 2375 3342 quum

306 3355 472 3418 deus
520 3357 823 3422 voluisset
862 3357 1034 3423 bona
1075 3359 1336 3436 omnia,
1385 3359 1751 3425 mali-vero
1787 3364 2118 3428 nihil‘effe
2154 3355 2373 3442 quoad

304 3469 547 3522 natura
584 3470 971 3549 pateretur,
1029 3461 1342 3547 quicquid
1380 3474 1527 3527 erat
1558 3466 1735 3547 quod
1767 3465 1837 3528 in
1870 3459 2184 3527 cernendi
2217 3460 2373 3520 sen-

303 3560 455 3621 sum
490 3558 756 3624 caderet
782 3560 855 3625 id
892 3563 1007 3651 sibi
1043 3567 1415 3656 assumpfit‚
1460 3588 1596 3631 non
1626 3567 2059 3652 tranquillum
2092 3573 2159 3624 et
2185 3559 2375 3646 quie·-

305 3671 479 3733 tum‚
525 3661 632 3724 sed
669 3660 1108 3729 immoderate
1145 3668 1463 3751 agitatum
1506 3683 1571 3735 et
1612 3670 1980 3741 fluctuanti,
2040 3664 2244 3749 idque
2289 3686 2374 3738 ex

303 3762 691 3829 inordinato
716 3764 785 3828 in
817 3767 1120 3832 ordinem
1152 3769 1474 3847 adduxit3
1516 3773 1652 3836 hcc
1681 3770 1859 3835 enim
1885 3768 2221 3835 iudicabat
2248 3773 2376 3835 esse

308 3867 582 3931 omnino
634 3862 1088 3951 praestantius.
1151 3867 1248 3936 fas
1298 3895 1423 3937 nec
1454 3874 1583 3937 {uit
1610 3896 1733 3937 nec
1761 3875 1847 3935 est
1875 3872 2227 3960 quicquam
2260 3875 2375 3938 nifi

304 3967 846 4053 pulcherrimum
884 3969 1108 4036 facere
1142 3996 1297 4039 eum
1331 3976 1449 4060 qui
1486 3977 1559 4039 fit
1606 3973 1923 4060 optimus.
1992 4000 2202 4064 quum
2244 3977 2375 4063 igi-

307 4079 422 4137 tur
467 4072 803 4164 rationem
841 4073 1164 4164 inivjffet,
1225 4076 1604 4164 reperiebat
1645 4080 1905 4148 nullum
1939 4106 2169 4154 eorum
2205 4110 2371 4172 quae
