2738 4600
1064 360 1563 430 TIMAEUS.
2231 370 2354 458 175

282 532 483 600 ratim
520 555 683 600 vero
715 517 800 599 de
829 530 911 597 iis
937 552 1109 616 quae
1136 554 1292 597 cum
1327 532 1757 619 intelligentia
1795 539 2245 626 pulchrorum
2275 567 2358 611 ac

250 637 619 719 ¹bonorum
665 639 822 701 sunt
864 634 1223 702 effectrices
1268 648 1334 701 et
1392 659 1561 721 quae
1621 655 1931 707 vacantes
1983 647 2350 731 prudentia

281 740 561 828 quodvis
586 740 1061 827 ‘perturbatum
1090 737 1412 805 efficiunt.
1469 764 1546 805 ao
1576 742 1659 806 de
1700 746 2051 811 oculorum
2083 749 2354 835 quidem

278 847 482 909 caufis
510 843 1021 923 adiuvantibus,
1080 858 1155 907 ut
1206 845 1540 908 haberent
1582 848 1732 910 eain
1778 846 1913 911 vim
1937 872 2135 936 quam
2172 877 2355 921 nunc

273 947 537 1017 habent
580 947 828 1011 dictum
861 946 1025 1019 esto;
1084 947 1381 1011 maxima
1408 958 1634 1012 autem
1666 970 1902 1014 eorum
1931 952 2218 1036 utilitas,
2268 956 2355 1022 ob

154 1118 165 1131 ἱ
232 1105 236 1109 ,
281 1071 492 1135 quam
519 1049 675 1113 deus
706 1070 816 1112 eos
843 1049 1041 1114 nobis
1069 1051 1367 1125 donavit,
1412 1049 1721 1138 deinceps
1748 1054 2138 1139 explicetur.
2186 1082 2359 1123 ocu-

279 1152 336 1217 li
383 1151 690 1217 videlicet
733 1176 823 1218 ex
869 1175 1020 1218 mea
1069 1154 1368 1239 oratione
1415 1155 1751 1219 maximae
1792 1157 1987 1221 nobis
2051 1159 2362 1224 utilitatis

280 1257 512 1320 causae
565 1255 990 1328 exstiterunt,
1040 1255 1363 1342 fiquidem
1415 1255 1582 1321 haec
1635 1279 1811 1343 quae
1863 1261 1950 1324 est
1997 1260 2223 1326 habita
2275 1263 2361 1326 de

275 1358 706 1423 univerfitate
740 1360 961 1423 oratio
989 1357 1251 1423 anobis
1293 1356 1476 1423 haud'
1507 1381 1830 1444 umquam
1868 1365 2020 1427 effet
2056 1365 2361 1446 inventa,

258 1464 328 1528 'fi
367 1485 587 1549 neque
624 1461 834 1526 fidera
877 1482 1098 1546 neque
1132 1461 1337 1527 solem
1386 1483 1607 1547 neque
1656 1463 1917 1528 caelum
1959 1465 2359 1534 vidiffemus.

274 1586 467 1630 nunc
505 1557 665 1628 vero
697 1564 835 1628 dies
866 1575 1227 1649 noctesque
1268 1562 1477 1629 oculis
1520 1565 1824 1650 cognitae
1853 1579 1919 1630 et
1947 1571 2202 1635 menses
2233 1592 2360 1636 an·-

273 1687 668 1750 :notumque
700 1652 1156 1732 converliones
1173 1687 1545 1732 numerum
1570 1666 1986 1732 machinatae
2013 1673 2161 1735 sunt
2182 1687 2364 1737 tem-

272 1769 603 1860 porisque
628 1766 993 1848 notionem,
1026 1781 1095 1832 et
1124 1767 1573 1867 universitatis
1600 1781 1882 1833 naturae
1910 1773 2366 1861 investigatio-

277 1895 440 1940 nem
472 1870 968 1961 praebuerunt3
1015 1870 1257 1955 quibus
1303 1893 1389 1935 ex
1430 1869 1634 1933 rebus
1666 1863 2154 1958 philosophiam
2201 1876 2365 1940 ade-

276 1976 386 2065 pti
432 1977 695 2053 sumus,
739 1992 874 2058 quo
908 1974 1091 2037 bono
1117 1975 1383 2040 nullum
1415 1973 1849 2062 praestantius
1878 1995 2098 2059 neque
2131 1975 2368 2047 datum

279 2081 374 2144 est
418 2077 811 2142 mortalium
856 2076 1083 2159 generi
1125 2098 1348 2161 neque
1395 2074 1665 2141 dabitur
1721 2076 2010 2141 deorum
2057 2098 2364 2145 munere.

280 2181 439 2246 dico
487 2180 696 2268 igitur
737 2178 867 2242 hoc
913 2178 1295 2243 maximum
1335 2179 1686 2243 oculorum
1748 2178 2044 2258 bonum3
2105 2182 2366 2267 reliqua.

278 2305 447 2351 vero
464 2305 636 2369 quae
654 2280 918 2346 minora
934 2280 1094 2366 quid
1121 2281 1587 2370 celebremus?
1626 2280 1861 2367 quibus
1881 2282 1996 2367 qui
2019 2306 2060 2346 a
2078 2283 2366 2369 philoso-

278 2387 443 2476 phia
470 2385 723 2451 alienus
757 2386 907 2470 estlfi
921 2386 1232 2450 orbatum
1256 2386 1324 2472 se
1352 2390 1477 2450 effe
1494 2396 1814 2473 queratur
1840 2382 2085 2449 frustra
2109 2388 2364 2450 lamen-—

278 2500 427 2554 tetu
436 2489 600 2554 r.sed
619 2487 749 2552 hoc
764 2488 1012 2552 dictum
1030 2490 1160 2552 esto
1177 2509 1213 2550 a
1227 2486 1556 2565 nobis,eos
1573 2487 1752 2551 han-o
1768 2486 1857 2550 ob
1875 2487 2141 2551 causam
2159 2489 2365 2555 deum

210 2634 227 2653 2
277 2593 475 2659 nobis
489 2590 815 2656 invenisse
834 2590 1185 2674 visumque
1202 2588 1493 2668 donasse,
1529 2588 2106 2674 utintelligentiae
2136 2589 2367 2656 incae-

277 2692 833 2775 lo.convers¹ones
850 2691 1397 2775 cognosceremus
1431 2687 1653 2775 eisque
1685 2703 2040 2757 uteremur
2065 2693 2144 2757 ad
2179 2716 2366 2760 men·

278 2796 368 2864 tis
398 2798 662 2861 nostrae
690 2791 1007 2858 circuitus
1025 2842 1046 2875 ,
1076 2803 1389 2880 cognatos
1420 2792 1550 2857 illis
1581 2794 2046 2878 constantibus,
2080 2797 2190 2862 sed
2215 2820 2368 2886 per·
2473 2793 2485 2804 ”

278 2900 604 2981 turbatos,
637 2896 741 2961 his
756 2917 918 2963 vero
940 2895 1305 2985 perspectis
1321 2894 1649 2980 rectisque
1664 2895 2030 2964 secundum
2051 2912 2367 2967 naturam

281 3001 572 3088 acceptis
600 2999 990 3083 rationibus,
1018 2998 1363 3064 imitantes
1378 2995 1483 3061 dei
1498 2999 1951 3076 converfiones
1968 3006 2237 3088 prorsus
2255 3028 2370 3071 er-

274 3109 440 3169 'rore
463 3125 707 3168 vacuas
740 3106 984 3168 nostras
1013 3113 1311 3168 errantes
1343 3100 1419 3164 in
1444 3100 1755 3165 ordinem
1783 3101 2217 3173 adducamus.
2266 3108 2370 3172 De
2475 3155 2482 3162 „

280 3228 451 3271 voce
474 3215 699 3273 autem
730 3218 795 3269 et
810 3206 1044 3270 auditu
1063 3204 1293 3269 eadem
1312 3202 1491 3270 redit
1503 3203 1736 3284 oratio,
1769 3205 2058 3272 eundem
2076 3206 2147 3271 in
2169 3207 2367 3271 usum

282 3309 685 3394 'easdemque
710 3308 794 3373 ob
828 3310 1053 3373 causas
1082 3331 1123 3376 a
1153 3307 1275 3372 diis
1295 3311 1419 3371 effe
1450 3303 1658 3371 datos.
1700 3309 1913 3373 oratio
1938 3310 2120 3373 enim
2135 3309 2217 3373 ad
2247 3330 2367 3373 ea·-

281 3413 442 3477 dem
473 3411 642 3475 haec
674 3412 1022 3477 constituta
1040 3413 1146 3491 est,
1191 3410 1569 3498 plurimum
1599 3407 1682 3473 ad
1710 3430 1787 3475 ea
1817 3408 2196 3488 conferens,
2214 3429 2370 3473 om·-

281 3514 527 3598 nisque
568 3531 740 3597 quae
787 3515 1147 3580 utilitatem
1200 3511 1404 3577 habet
1452 3533 1590 3576 vox
1620 3512 1905 3590 mufica,
1952 3511 2033 3575 ad
2057 3508 2369 3577 auditum

282 3614 685 3683 harmoniae
732 3618 923 3681 causa
968 3620 1055 3682 est
1094 3618 1286 3695 data3
1342 3613 1702 3680 harmonia
1732 3623 1960 3677 autem
1984 3628 2020 3686 ,’
2050 3625 2369 3698 cognatos

282 3718 539 3784 habens
569 3728 791 3784 motus
824 3720 1053 3787 nostris
1083 3718 1290 3785 animi
1318 3714 1895 3790 conversionibus,
1946 3714 2007 3779 ei
2041 3714 2159 3801 qui
2207 3737 2368 3783 cum

276 3820 731 3908 intelligentia
769 3822 966 3889 Mufis
1011 3825 1224 3892 utitur
1261 3844 1400 3885 non
1444 3820 1526 3885 ad
1570 3819 1984 3903 voluptatem
2030 3838 2069 3881 a
2106 3815 2375 3884 rationo

286 3927 624 4007 aversam,
670 3926 1239 4012 quemadmodum
1269 3948 1487 4005 nune,
1532 3920 1805 3984 videtur
1833 3918 2017 3984 utilis
2048 3924 2211 3997 effe,
2254 3922 2372 3988 sed

284 4026 370 4093 ad
427 4027 784 4095 circuitum
836 4028 1045 4096 animi
1086 4028 1160 4093 in
1202 4026 1394 4093 nobis
1448 4013 1566 4111 qui
1628 4022 2069 4090 inconcinnus
2132 4022 2373 4090 exstitit
2455 4011 2470 4032 ⁸

288 4132 837 4221 componendum
915 4133 1281 4217 secumque
1341 4126 1869 4194 consentientem
1945 4123 2369 4192 reddendum
