2738 4600
1097 349 1617 435 'TIMAEUS‘
2280 374 2407 450 245
2510 361 2524 381 ’

309 548 423 610 'res
451 537 888 608 necessarium
916 533 1068 604 iore
1105 533 1604 624 intellige-baum
1653 539 1964 623 quocirca
1989 540 2059 609 in
2086 542 2394 614 homini-

311 647 439 714 bus
465 645 680 711 statim
711 654 787 709 ut
816 641 960 732 nati
974 643 1129 707 sunt
1156 642 1492 727 unguium
1520 653 1827 707 naturam
1848 643 2250 716 formarunt.
2272 651 2398 719 hac

309 749 513 838 igitur
541 747 813 845 ratione
848 746 1083 832 hisque
1110 743 1195 809 de
1221 746 1424 810 causis
1452 757 1703 820 cutem,
1748 751 2015 835 capillos
2041 760 2105 818 et
2139 760 2424 842 ungues‘

309 852 648 920 extremis
665 848 989 917 membris
1017 850 1504 938 apposuerunt.

482 1056 830 1147 Quoniam
880 1076 1044 1123 vero
1100 1076 1337 1121 omnes
1383 1053 1689 1121 mortalis
1738 1053 2102 1150 animantis
2146 1071 2397 1131 natura

310 1174 502 1228 erant
549 1160 897 1250 copulatae
937 1169 1166 1250 partes
1199 1170 1267 1223 et
1298 1158 1643 1233 membra,
1692 1168 1760 1222 et
1790 1159 2001 1227 vitam
2032 1167 2394 1232 neceffario

305 1266 471 1332 illud
517 1265 590 1330 in
628 1265 783 1350 igne
825 1273 892 1328 et
924 1263 1082 1326 aere
1111 1260 1436 1342 habebat,
1481 1284 1519 1325 a
1555 1260 1799 1347 quibus
1840 1263 2289 1349 liquefactum
2326 1281 2396 1335 et

304 1369 693 1435 exhaustum
738 1364 1094 1441 interibat,
1144 1361 1474 1427 auxilium
1513 1362 1576 1426 ei
1615 1362 1708 1426 dii
1737 1367 2231 1452 excogitarunt.
2274 1395 2395 1437 na.

298 1482 529 1536 turam
574 1470 757 1533 enim
797 1467 1132 1530 humanae
1162 1479 1449 1529 naturae
1476 1477 1823 1549 cognatam
1863 1469 2008 1534 aliis
2044 1495 2204 1538 cum
2239 1473 2394 1540 for-

295 1574 427 1640 mis
469 1583 534 1636 et
575 1570 867 1636 senfibus
909 1577 1362 1654 temperantes
1407 1580 1761 1653 procreant
1804 1569 1992 1635 aliud
2041 1574 2391 1659 quoddam

296 1677 592 1756 anima13
639 1694 810 1757 quae
826 1670 1102 1757 quidem
1129 1691 1313 1735 nunc
1342 1669 1611 1735 arbores
1640 1682 1707 1735 et
1735 1671 2004 1759 plantae
2035 1676 2391 1742 et.semina

296 1779 385 1845 ab
427 1777 837 1863 agricultura
876 1775 1012 1838 sata
1044 1771 1235 1838 mitia
1279 1771 1472 1835 nobis
1505 1773 1697 1852 sunt3
1743 1785 1901 1838 ante
1936 1789 2162 1841 autem
2197 1789 2392 1843 erant

298 1883 439 1948 fola
481 1878 835 1967 agrestium
876 1897 1161 1961 genera,
1218 1876 1598 1959 antiquiora
1634 1874 1877 1943 sativis.
1957 1898 2163 1943 omne
2205 1881 2392 1947 enim

297 1984 774 2074 quodcumque
821 1979 1094 2046 vivendi
1121 1976 1462 2067 particeps
1507 1978 1630 2057 est,
1677 1976 1984 2043 animans
2029 1980 2392 2049 rectiffime

296 2088 601 2165 dicetur3
635 2096 896 2175 partem
920 2080 1103 2147 enim
1136 2078 1344 2145 habet
1364 2078 1501 2143 hoc
1524 2079 1703 2165 quod
1730 2100 1912 2145 nunc
1941 2079 2230 2150 dicimus
2258 2098 2388 2151 ter-

293 2190 433 2257 tiae
466 2188 674 2254 animi
707 2185 970 2274 speciei,
1008 2204 1210 2273 quam
1249 2182 1434 2248 inter
1463 2182 1860 2269 praecordia
1887 2195 1951 2247 et
1980 2186 2389 2256 umbilicum

295 2295 689 2371 collocatam
750 2295 876 2357 effe
933 2287 1501 2366 memoravimus,
1560 2309 1736 2373 quae
1785 2286 2046 2355 nullam
2101 2291 2378 2375 quidem
2466 2346 2475 2352 .

293 2395 665 2484 opinionis,
710 2390 988 2457 rationis
1026 2401 1095 2454 et
1138 2387 1621 2474 intelligentiae
1665 2403 1925 2478 partem
1955 2387 2176 2464 habet,
2222 2392 2383 2455 sen-

289 2500 399 2562 sus
436 2521 599 2563 vero
622 2494 898 2562 iucundi
930 2505 997 2557 et
1027 2492 1257 2558 acerbi
1282 2515 1438 2557 cum
1472 2490 1951 2578 cupiditatibus
1997 2491 2385 2577 coniuncti3

291 2599 380 2663 ab
410 2598 726 2662 omnibus
755 2599 936 2662 enim
973 2594 1173 2660 rebus
1216 2596 1476 2680 semper
1504 2591 1829 2674 afficitur3
1875 2614 2087 2679 quum
2121 2616 2285 2659 vero
2314 2600 2389 2661 in

288 2702 504 2766 semet
532 2698 675 2786 ipso
705 2710 773 2762 et
801 2699 972 2762 circa
999 2698 1066 2760 se
1093 2695 1314 2784 ipsum
1342 2708 1670 2777 vertatur,
1718 2707 2067 2762 externam
2106 2700 2384 2783 quidem

289 2801 663 2867 motionem
697 2801 1029 2888 repellens
1061 2811 1129 2862 et
1162 2800 1440 2886 propria
1467 2809 1686 2879 utem,
1731 2809 1920 2862 ortus
1944 2821 2085 2863 non
2111 2799 2290 2865 hanc
2317 2800 2386 2866 ei

287 2917 604 2970 naturam
647 2901 887 2967 tribuit
925 2912 1001 2964 ut
1032 2922 1266 2966 eorum
1309 2898 1562 2986 aliquid
1602 2921 1773 2985 quae
1797 2900 1879 2965 ad
1909 2900 2126 2986 ipsum
2160 2904 2384 2990 perti-

286 3018 453 3074 nen’t
480 3007 826 3090 cognoscat
867 3017 934 3070 et
966 3005 1353 3070 confideret.
1402 3002 1841 3089 quamobrem
1894 3003 2061 3068 vivit
2106 3002 2380 3088 quidem

286 3133 413 3176 nec
445 3108 786 3172 diversum
818 3107 906 3171 est
936 3105 1017 3171 ab
1042 3105 1432 3187 animante,
1477 3104 1705 3171 stabile
1739 3127 1901 3169 vero
1933 3117 1998 3168 et
2034 3104 2376 3169 radicibus

286 3211 581 3278 defixum
629 3210 944 3297 obriguit,
988 3209 1150 3295 quia
1177 3221 1373 3275 motu
1399 3233 1443 3275 a.
1469 3211 1537 3274 se
1565 3208 1711 3296 ipso
1744 3206 2200 3296 proficiscente
2228 3203 2383 3295 pri-

282 3326 528 3382 vatum
557 3317 665 3381 est.

456 3518 640 3585 Haec
665 3517 868 3606 igitur
901 3538 1147 3604 genera
1191 3514 1425 3582 omnia
1452 3516 1744 3582 serentes
1770 3513 2149 3605 superiores
2180 3503 2379 3576 nobis

280 3621 722 3690 inferioribus
754 3622 1094 3703 alimenta,
1126 3643 1368 3710 eorpus
1399 3621 1695 3686 nostrum
1726 3619 1938 3683 alveis
1972 3613 2379 3703 quibusdam

278 3726 728 3792 distinxerunt
769 3725 1063 3820 secantes
1109 3726 1300 3791 velut
1338 3724 1412 3789 in
1466 3721 1682 3789 hortis
1725 3719 2025 3796 canales,
2074 3727 2152 3783 ut
2196 3728 2380 3783 tam-

273 3849 489 3915 quam
525 3850 563 3893 e
588 3826 740 3893 rivo
774 3827 1138 3894 invadente
1183 3825 1603 3913 irrigaretur.
1658 3847 1735 3890 ac
1764 3821 2062 3912 primum
2097 3818 2378 3905 quidem

278 3933 544 3998 canales
560 3914 863 4001 occultos
885 3930 1235 3997 finxerunt
1262 3930 1385 3993 sub
1412 3927 1836 3994 concretione
1861 3922 2030 3988 cutis
2052 3934 2121 3988 et
2147 3922 2372 3989 carnis

276 4030 445 4098 duas
467 4057 676 4117 venas
717 4036 1014 4102 secantes
1051 4033 1126 4100 in
1169 4034 1364 4100 dorso
1387 4081 1406 4117 ‚
1454 4030 1634 4116 quod
1676 4047 1923 4113 corpus
1949 4047 2221 4113 quoque
2246 4046 2369 4111 ge·-

272 4135 549 4207 minum
570 4150 715 4206 erat
747 4141 989 4208 dextra
1019 4147 1085 4203 et
1116 4136 1367 4205 finistra
1401 4145 1619 4225 parte.
1666 4131 1790 4199 has
1818 4143 2050 4197 autem
2083 4126 2375 4196 demise-

1800 4232 1951 4321 Q2
