2738 4600
1054 359 1562 441 TJMAsz.
2228 363 2349 447 175

274 547 531 630 busque
552 541 624 606 in
653 535 812 604 locis
841 532 1341 618 relinquuntur,
1362 534 1524 599 talia
1554 544 1786 618 totque
1814 536 2023 603 edunt
2053 534 2136 601 ad
2164 533 2351 599 fimi-

273 649 630 716 litudinem
685 637 903 708 efficta
942 637 1124 701 intus
1174 650 1359 701 extra
1371 658 1502 723 que
1540 642 1951 726 experrectis
1979 640 2049 703 in
2077 658 2352 703 memo-
2433 718 2440 729 f

277 751 450 817 riam
483 757 799 814 revocata
840 740 996 806 visa.
1039 740 1222 826 quod
1255 762 1415 804 vero
1450 739 1532 804 ad
1560 740 1883 826 imagines
1911 742 2149 807 attinet
2177 763 2354 827 quae

273 854 346 920 in
378 850 663 938 speculis
693 846 1042 932 finguntur
1060 841 1422 928 omniaque
1438 864 1611 928 quae
1623 844 1850 910 lucida
1867 858 1932 909 et
1963 844 2137 908 levia
2166 845 2348 923 suut,

273 957 448 1023 haec
473 950 839 1041 perspicere
854 947 1023 1012 nihil
1038 946 1173 1011 iam
1193 947 1400 1012 habet
1415 946 1815 1013 difficultatis
1833 975 1855 1032 3
1887 970 2049 1014 nam
2076 969 2157 1012 ex
2173 946 2353 1015 inte-,-

277 1058 470 1126 riore
498 1069 562 1121 et
587 1051 921 1120 exteriore
952 1048 1121 1135 ignis
1152 1050 1503 1136 utriusque
1526 1051 1706 1117 inter
1734 1053 1802 1116 se
1839 1048 2351 1127 communitate,

290 1184 436 1228 uno
449 1170 787 1248 praeterea
821 1156 1078 1218 circum
1113 1152 1453 1217 levitatem
1479 1155 1743 1243 semper
1759 1156 2099 1220 exsistente
2128 1149 2358 1216 omni-

285 1264 546 1348 busque
562 1258 862 1348 partibus
877 1255 1639 1335 accommodato‚omnia
1654 1257 1820 1324 haec
1839 1282 1989 1324 cum
2008 1256 2358 1322 necessita-

280 1379 354 1432 te
369 1367 499 1429 sese
512 1362 858 1441 exhibent,
877 1358 1038 1422 dum
1055 1356 1224 1439 ignis
1241 1357 1356 1441 qui
1377 1359 1630 1425 circum
1649 1359 1889 1427 faciem
1912 1364 2000 1428 est
2014 1382 2167 1428 cum
2186 1379 2357 1422 ocu-

266 1471 504 1538 lorum
517 1468 673 1553 igne
690 1464 946 1528 circum
964 1459 1118 1523 leve
1135 1470 1200 1523 et
1214 1458 1516 1526 lucidum
1533 1465 1600 1527 se
1613 1463 2224 1531 confundit.dextra
2239 1478 2357 1527 au-·

269 1583 416 1636 tem
435 1569 755 1634 videntur
771 1585 941 1648 quae
956 1561 1142 1625 laeva
1159 1564 1496 1650 sunt,quia
1510 1568 1859 1633 contrariis
1871 1566 2173 1656 partibus
2190 1588 2358 1630 ocu-

269 1675 505 1739 lorum
521 1666 776 1732 circum
809 1663 1175 1730 contrarias
1201 1680 1429 1753 partes
1460 1666 1537 1731 fit
1572 1670 1777 1735 tactio
1794 1682 2060 1756 praeter
2089 1666 2361 1733 solitum

275 1770 684 1841 admotionis
712 1791 1008 1846 morem3
1038 1767 1270 1833 dextra
1298 1781 1532 1836 contra
1562 1772 1883 1837 videntur
1917 1793 2094 1857 quae
2122 1771 2363 1835 dextra

264 1880 441 1941 sunt
483 1884 549 1938 et
574 1894 744 1958 quae
772 1872 961 1936 laeva
987 1870 1143 1934 sunt
1173 1872 1389 1954 laeva3
1427 1894 1639 1957 quum
1676 1875 2099 1939 convertitur
2127 1874 2364 1937 lumen

276 1979 655 2044 coalescens
668 1997 822 2052 cum
843 1997 924 2037 eo
938 1997 1096 2039 cum
1114 1994 1252 2058 quo
1271 1975 1573 2040 coalescit
1585 2001 1613 2056 ,-
1640 1978 1708 2042 id
1722 1976 1820 2051 fit,
1838 2000 2046 2064 quum
2067 1975 2364 2065 speculo-

278 2104 438 2147 rum
465 2079 708 2144 levitas
726 2127 745 2158 ,
788 2076 947 2141 hinc
971 2076 1298 2162 illincque
1318 2078 1746 2146 altitudinem
1778 2094 1997 2162 nacta,
2045 2083 2363 2147 dextrum

279 2181 586 2249 detrudit
612 2181 687 2244 in
711 2182 971 2246 laevam
1004 2191 1268 2269 partem
1296 2184 1654 2249 oculorum
1686 2195 1751 2247 et
1774 2186 2067 2250 alterum
2093 2184 2165 2248 in
2193 2183 2388 2247 alte-.

278 2309 449 2353 ram.
511 2285 877 2351 secundum
937 2283 1430 2369 longitudinem
1484 2307 1652 2356 vero
1698 2285 1898 2353 faciei
1960 2287 2365 2353 conversum

281 2389 460 2454 idem
501 2387 634 2453 hoc
666 2400 761 2453 ut*
784 2389 1177 2476 resupinum
1205 2400 1424 2455 totum
1456 2391 1776 2456 videatur
1814 2390 2036 2470 efficit,
2079 2387 2366 2453 inferius
2472 2461 2476 2466 ,

280 2492 361 2557 in
385 2492 806 2578 superiorem
846 2493 1199 2557 oculorum
1239 2504 1509 2581 partem
1543 2505 1608 2558 et
1637 2492 1946 2579 superius
1978 2492 2051 2554 in
2084 2488 2369 2555 inferio*-

280 2615 435 2659 rem
468 2593 702 2657 rursus
744 2593 1124 2660 detrudens.
1187 2606 1391 2681 atque
1439 2596 1605 2659 haec
1647 2594 1878 2659 omnia
1909 2615 1996 2657 ex
2020 2585 2102 2658 eo
2126 2611 2367 2678 genere

283 2695 446 2759 sunt
467 2714 641 2778 quae
669 2695 902 2757 rerum
938 2693 1268 2761 adiuvant
1300 2699 1549 2777 causas,
1594 2696 2025 2784 quibusqdeus
2056 2695 2368 2760 ministris

281 2797 508 2864 utitur
540 2795 776 2883 optimi
815 2797 1106 2885 speciem
1137 2799 1358 2885 quoad
1399 2799 1562 2866 fieri·
1587 2803 1794 2890 potest
1822 2798 2209 2880 effecturus;
2252 2795 2369 2861 sed

278 2899 675 2965 existimant
698 2900 1009 2986 plerique
1038 2924 1178 2967 non
1208 2902 1375 2968 haec
1404 2904 1801 2986 adiuvantia
1836 2910 1962 2971 effe
1993 2905 2236 2980 causas,
2254 2897 2371 2963 sed

288 3005 515 3070 causas
546 3002 721 3089 ipsas
756 3002 1065 3071 omnium
1097 3028 1327 3072 rerum
1346 3054 1365 3081 ,
1410 3029 1586 3095 quae
1611 3007 1754 3074 vim
1775 3008 2077 3085 'habeant
2104 2999 2370 3088 frigoris

292 3117 362 3169 et
389 3105 664 3178 caloris,
711 3107 1149 3174 concretionis
1201 3121 1271 3173 et
1308 3110 1590 3198 liquoris
1643 3123 1712 3176 et
1765 3110 2029 3195 reliqua
2070 3104 2371 3171 eiusdem

292 3203 552 3292 generis
591 3205 900 3273 efficiant.
957 3232 1180 3297 neque
1215 3236 1382 3277 vero
1414 3215 1750 3280 rationem
1786 3234 2010 3298 neque
2034 3211 2167 3275 ulla
2198 3207 2270 3272 in
2297 3226 2374 3269 re

291 3308 804 3394 intelligentiam
847 3311 1098 3377 habere
1139 3318 1441 3402 poss'unt‘3
1493 3318 1567 3381 in
1602 3315 1780 3404 quod
1828 3317 2008 3380 enim
2043 3314 2254 3377 solum
2287 3326 2374 3370 ex

293 3411 609 3476 omnibus
637 3434 809 3498 quae
835 3415 994 3479 sunt
1009 3415 1187 3482 cadit
1218 3430 1294 3484 ut
1319 3419 1650 3486 rationem
1687 3419 1953 3498 habeat,
1974 3416 2042 3482 id
2066 3413 2373 3477 animum

292 3515 431 3581 dici
493 3526 788 3599 oportet3
831 3516 942 3580 hic
982 3530 1208 3598 autem
1262 3523 1524 3589 sensum
1570 3523 1805 3609 effugit
1845 3511 2250 3592 ¹oculorum,
2306 3521 2377 3575 at

284 3615 467 3703 ignis
486 3627 554 3680 et
566 3637 741 3701 aqua
756 3629 825 3681 et
840 3620 957 3684 aer
978 3632 1044 3684 et
1066 3632 1250 3690 terra
1278 3646 1564 3714 corpora
1581 3628 1735 3689 sunt
1745 3622 1973 3688 omnia
1990 3617 2112 3681 sub
2134 3615 2388 3701 adspe-⁸

292 3717 824 3787 ctumcadentia.
852 3722 1047 3788 illum
1077 3738 1297 3790 autem
1327 3729 1446 3811 qui
1467 3725 1943 3813 intelligentiae
1965 3718 2380 3807 sapientiae-

296 3844 428 3909 que
438 3824 506 3886 se
519 3833 895 3889 amatorem
911 3826 1291 3913 profitetur,
1305 3830 1561 3895 necess'e
1578 3829 1667 3892 est
1687 3822 2110 3906 intelligentis
2124 3824 2378 3913 sapien-

297 3926 513 4011 iisque
537 3938 825 3993 naturae
858 3931 1083 3994 causas
1117 3930 1376 4017 primas
1403 3932 1826 4017 conquirere,
1872 3924 2115 3990 deinde
2142 3917 2380 3992 earum

296 4049 534 4093 rerum
567 4051 742 4115 quae
778 4030 864 4096 ab
892 4031 1039 4097 aliis
1071 4045 1435 4099 mouentur
1459 4046 1537 4098 ‚et
1559 4033 1689 4099 alia
1713 4029 2074 4097 neceffario
2102 4039 2385 4097 movent

299 4133 525 4197 causas
565 4135 910 4200 secundas.
969 4135 1274 4223 quocirco
1303 4136 1501 4204 nobis
1544 4157 1813 4222 quoque
1851 4133 2383 4204 itasaciendum,

298 4244 380 4303 ut
409 4232 705 4304 dicamus
737 4237 1017 4325 quidem
1045 4239 1130 4305 de
1160 4250 1448 4325 utroque
1482 4241 1837 4311 causarum
1861 4256 2144 4325 genere»
2191 4232 2380 4317 sepa-
