2738 4600
1050 313 1556 384 TIMAEUS,
2016 285 2020 291 ’
2218 306 2337 373 ι4ι

268 514 517 572 natura
557 501 995 565 cernerentur
1044 508 1332 577 operum
1363 509 1503 552 non
1527 477 1895 568 intelligens
1923 479 2344 568 intelligente

268 607 512 691 inqtoto
541 621 785 686 genere
819 615 1138 677 umquam
1173 589 1323 656 fore
1349 585 1805 675 p1·aestantiu8‚
1837 581 2345 670 intelligentiam

272 719 501 775 autem
546 702 666 767 nisi
701 701 776 765 in
812 697 1036 765 animo
1066 693 1257 758 nulla
1299 689 1430 755 alia
1470 687 1542 752 in
1565 698 1806 753 natura
1833 691 2006 772 poffe
2036 682 2346 772 reperiri.

267 820 474 894 atque
516 805 643 869 hac
667 799 938 888 quidem
981 796 1153 862 inita
1183 792 1639 877 subductaque
1676 788 1941 853 ratione
1966 788 2372 873 intelligens

268 910 453 987 tiam⁸
471 906 546 971 in
570 904 810 983 anime,
841 899 1147 967 animum
1177 916 1339 960 vcro
1365 894 1440 957 in
1458 915 1735 981 corpore
1763 890 2170 957 concludens
2192 886 2350 954 uni-

268 1012 544 1078 versum
583 1006 945 1073 fabricatus
988 1003 1108 1081 est,
1156 1009 1241 1076 ⁸ut
1280 1018 1486 1084 quam
1535 994 2074 1085 pulcherrimum
2110 999 2356 1059 natura

265 1114 744 1203 optimumque
789 1126 956 1192 opus
991 1101 1303 1185 efficeret.
1394 1119 1603 1186 quam
1648 1095 1734 1160 ob
1776 1097 2042 1169 causam
2078 1114 2214 1157 non
2264 1091 2355 1157 est

275 1212 734 1281 cunctandum
767 1206 1095 1298 profiteri,
1132 1207 1179 1268 fi
1205 1201 1407 1267 modo
1438 1199 1816 1286 investigari
1840 1196 2097 1284 aliquid
2119 1196 2356 1273 conio,-

274 1331 467 1384 ctura
495 1316 742 1404 potest,
803 1311 988 1376 hunc
1017 1306 1353 1379 mundum
1374 1303 1627 1368 animal
1656 1307 1782 1369 effe
1812 1301 2013 1388 idque
2043 1321 2212 1366 vere
2239 1296 2355 1362 in-

269 1421 577 1507 telligens
611 1428 678 1480 et
705 1412 932 1478 divina
959 1404 1389 1497 providentia
1420 1403 1871 1470 constitutum.

446 1521 596 1588 Hoc
623 1516 830 1604 posito
857 1512 1036 1598 quod
1066 1508 1366 1596 sequitur
1391 1504 1582 1571 nobis
1606 1503 1964 1573 dicendum
1990 1508 2097 1586 est,
2130 1504 2214 1573 ad
2230 1525 2356 1571 cu.-

265 1625 550 1695 iusnam
581 1614 1022 1693 animantium
1045 1610 1541 1681 similitudinem
1567 1609 1625 1673 is
1640 1608 1755 1694 qui
1766 1607 2130 1672 construxit
2145 1627 2358 1671 mun-

277 1721 454 1793 dum
507 1718 969 1788 construxerit.
1027 1739 1102 1781 ac
1127 1717 1211 1781 de
1236 1714 1319 1780 iis
1355 1712 1629 1797 quidem
1663 1731 1837 1794 quae
1866 1708 2361 1798 particularum

275 1824 489 1894 instar
517 1834 675 1888 nata
699 1823 873 1893 sunt,
912 1817 1163 1883 nullius
1201 1838 1357 1881 eum
1380 1810 1827 1879 existimemus
1866 1809 2371 1891 similitudinem*

279 1934 643 2017 sequutum
678 1928 838 2003 effe3
894 1917 1300 2006 imperfecto
1343 1913 1526 1978 enim
1564 1912 1769 1978 fimile
1810 1911 1986 1978 nihil
2032 1932 2365 1997 umquam

280 2032 647 2124 pulchrum
664 2027 791 2091 erit
804 2054 823 2105 3
869 2022 1060 2087 cuius
1095 2041 1263 2083 vero
1278 2017 1454 2101 ‚reliq
1466 2038 1549 2081 ua
1565 2015 1883 2079 animalia
1901 2014 2273 2099 singulatim
2296 2021 2365 2077 et

283 2130 661 2224 generatim
680 2124 1050 2214 particulae
1061 2125 1242 2201 sunt,
1254 2120 1405 2191 *eius
1422 2119 1728 2183 omnium
1746 2114 2154 2203 simillimum
2176 2115 2365 2179 diea-

283 2259 443 2303 mus
496 2230 832 2297 mundum
868 2233 1030 2309 effe3
1092 2224 1318 2295 omnia
1361 2222 1537 2288 enim
1584 2243 1755 2308 quae
1795 2221 2059 2312 ratione
2104 2217 2366 2282 intelli-

285 2350 542 2426 guntur
565 2330 927 2399 animantia
959 2327 1183 2394 hocin
1213 2331 1281 2392 se
1309 2325 1639 2403 continet,
1670 2327 1828 2389 ficut
1854 2326 2041 2388 hicce
2067 2319 2365 2384 mundus

260 2464 410 2507 »nos
439 2450 511 2502 et
536 2438 1002 2522 quaecumque
1033 2431 1163 2496 alia
1191 2424 1564 2496 animantia
1607 2424 1766 2489 ficta
1791 2427 1949 2488 sunt
1973 2423 2094 2486 sub
2123 2422 2366 2509 adspe-

291 2556 479 2609 ctum
512 2537 834 2605 cadentia.
894 2532 1198 2600 omnium
1245 2532 1427 2594 enim
1462 2548 1638 2614 quae
1667 2538 1893 2591 mente
1918 2522 2373 2612 comprehen-
2483 2533 2494 2538 ’

295 2645 553 2709 duntur
597 2635 1037 2727 pulcherrimi
1079 2645 1143 2696 et
1173 2654 1258 2696 ex
1283 2630 1469 2695 omni
1509 2640 1698 2716 parte
1727 2629 2012 2695 absoluti
2042 2650 2256 2715 quum
2282 2626 2369 2690 fi-

290 2744 659 2813 millimum
684 2761 843 2803 eum
873 2737 1035 2801 deus
1054 2733 1329 2800 ‘efficere
1358 2733 1586 2809 vellet,
1615 2732 1864 2798 animal
1894 2753 2105 2797 unum
2135 2731 2369 2817 adspe-

292 2845 535 2914 ctabile
558 2889 577 2917 ‚
622 2842 694 2906 in
724 2863 856 2927 quo
889 2839 1119 2904 omnia
1153 2836 1467 2903 animalia
1490 2847 1730 2901 natura
1760 2837 1880 2925 ipfi
1910 2845 2187 2921 cognata
2216 2854 2387 2914 con-⁴

293 2952 691 3034 tinerentur,
736 2940 1114 3007 construxit.
1175 2939 1423 3004 Utrum
1454 2958 1619 3001 vero
1649 2952 1832 3003 recte
1860 2962 2080 3003 unum
2107 2937 2374 3003 caelum

296 3048 618 3120 diximus»,
636 3021 722 3110 ati
752 3045 978 3133 plures
1010 3053 1078 3105 et
1104 3038 1627 3108 innumerabiles
1646 3038 1867 3105 dicere
1895 3041 2148 3106 rectius
2167 3039 2372 3106 erat}

295 3172 552 3223 unum,
612 3146 932 3234 siquidem
972 3145 1055 3209 ad
1097 3143 1443 3229 exemplar
1476 3139 1697 3206 factus
1744 3142 1910 3223 eri't3
1971 3142 2154 3229 quod
2186 3142 2386 3207 enim-

298 3275 528 3321 omnes
568 3250 939 3314 animantes
980 3267 1093 3309 eos
1123 3245 1238 3331 qui
1281 3245 1544 3309 ratione
1576 3244 2047 3329 intelliguntur
2079 3245 2375 3330 comple-

299 3357 506 3426 ctitur
557 3353 628 3416 id
676 3371 833 3414 cum
883 3346 1014 3413 alio
1061 3348 1426 3412 secundum
1487 3368 1864 3434 numquam
1923 3348 2085 3427 erit3
2145 3345 2375 3409 rursus

301 3457 491 3523 enim
529 3454 737 3518 alium
781 3452 1194 3515 animantem
1226 3452 1343 3535 qui
1394 3450 1988 3542 illumfflcontineret
2017 3452 2140 3512 effe
2170 3467 2377 3532 opor-

299 3568 498 3637 teret,
542 3555 726 3619 cuius
758 3563 984 3639 partes
1013 3556 1220 3616 effent
1254 3552 1630 3618 animantes
1658 3552 2050 3640 superiores,
2076 3568 2203 3610 nec
2235 3548 2377 3612 iam

297 3660 452 3738 inis,
496 3656 610 3720 sed
646 3655 803 3721 huic
832 3654 950 3742 qui
981 3655 1542 3740 complecteretur
1572 3655 1702 3720 hoc
1735 3653 1995 3718 caelum
2026 3648 2231 3714 fimile
2272 3650 2380 3717 ef-

297 3762 557 3828 fectum
582 3755 831 3822 rectius
865 3757 1220 3822 diceretur.
1256 3769 1333 3820 ut
1362 3757 1874 3843 igiturmundus
1890 3753 2017 3816 hoc
2040 3753 2183 3839 ipso
2199 3757 2380 3840 quod

303 3865 477 3929 solus
506 3872 708 3947 atque
736 3882 910 3924 unus
943 3863 1098 3924 effet
1129 3860 1351 3926 fimilis
1382 3861 1709 3925 exfisteret
1735 3853 2036 3941 perfecto
2068 3859 2384 3926 animan-

300 3966 383 4043 ti,
424 3964 664 4029 iccirco
691 3983 915 4049 neque
945 3961 1112 4033 duca
1137 3982 1363 4047 neque
1396 3958 1915 4028 innumerabiles
1956 3958 2151 4027 finxit·
2178 3966 2233 4030 is
2266 3961 2386 4048 qui

302 4066 511 4139 finxit
542 4066 849 4141 mundos,
887 4064 1000 4130 sed
1035 4063 1382 4150 singularis
1402 4063 1515 4128 hic
1544 4071 1745 4148 atque
1774 4063 2063 4153 unigena
2087 4067 2385 4135 mundus
