2738 4600
1043 349 1558 430 TIMAEUS.
2218 356 2338 428 185

251 533 546 622 quodam
581 523 1039 623 inexplicabili
1085 545 1149 597 et
1192 529 1618 610 admirabili,
1665 548 1867 617 quem
1908 531 2068 598 alias
2113 532 2340 622 expli·-

130 694 134 699 .
251 637 572 704 cabima&
615 637 692 702 in
730 636 1112 724 praesentia
1147 657 1314 700 vero
1352 647 1627 722 oportet
1666 633 1792 699 tria
1837 635 2022 699 statui
2067 655 2335 721 genera,

251 739 467 805 unani
499 740 679 826 quod
716 737 1027 826 gignitur,
1055 739 1346 804 alterum
1373 739 1445 802 in
1474 759 1610 824 quo
1633 735 1930 823 gignitur
1960 749 2025 800 et
2054 736 2334 801 tertium

248 842 322 910 id
346 862 435 907 ex
465 864 602 928 quo
636 845 1013 928 expreffum
1042 841 1333 905 nascitur
1362 840 1543 923 quod
1559 840 1878 925 gignitur.
1912 849 2109 923 atque
2127 839 2337 904 etiam·

251 965 647 1033 comparare
686 943 994 1020 convenit
1031 942 1101 1007 id
1156 940 1335 1029 quod
1377 940 1892 1031 suscipit'matri
1915 988 1934 1015 ,
1978 939 2051 1004 id
2084 962 2167 1005 ex
2199 962 2333 1025 quo

246 1046 608 1133 suscipitur
646 1047 851 1136 patri,
900 1058 965 1112 et
1007 1058 1320 1111 naturam
1367 1045 1545 1111 inter
1594 1044 1763 1113 haec
1790 1042 2084 1111 mediam
2132 1042 2334 1129 proli,

249 1148 676 1234 cogitandum
718 1160 945 1214 autem
979 1150 1098 1230 est,
1141 1151 1187 1213 fi
1219 1147 1466 1233 effigies
1499 1145 1728 1213 sutura
1765 1149 1837 1213 fit
1881 1146 2069 1211 omni
2110 1144 2338 1208 &arie-

249 1260 390 1315 tate
417 1247 717 1316 distincta
743 1252 823 1317 ad
856 1251 1278 1338 adspectum,
1311 1248 1490 1315 haud
1523 1248 1720 1314 aliter
1745 1249 1814 1314 id
1849 1250 2060 1336 ipsum
2095 1253 2165 1312 in
2195 1268 2332 1332 quo
2418 1278 2428 1283 ·

247 1347 799 1441 exprimendam,
816 1351 1662 1439 beneforepraeparatum,
1676 1351 2100 1430 nili-vacuum
2122 1348 2195 1415 fu
2205 1341 2336 1413 erit
2431 1375 2435 1382 ·

247 1454 331 1518 ab
368 1456 686 1521 omnibus
721 1457 847 1520 illis
887 1454 1126 1520 formis
1171 1461 1335 1543 quaa
1374 1452 1684 1521 alicunde
1720 1455 2342 1542 fit‘suscepturumf

245 1580 404 1622 nam
423 1558 631 1623 fimile
656 1560 700 1620 fi
727 1555 932 1621 fuerit
967 1555 1170 1620 alicui
1200 1580 1435 1621 eorum
1455 1577 1624 1642 quae
1638 1554 2134 1641 ingrediuntur,
2159 1562 2332 1618 conk-

244 1660 530 1724 trariam
554 1659 958 1746 prorsusque
974 1658 1310 1724 diversam
1343 1672 1654 1724 naturam
1686 1658 1953 1742 quando
1989 1643 2340 1746 accesserit

241 1760 614 1849 suscipiens
646 1761 822 1826 male
854 1766 1325 1848 expreffurum
1354 1763 1451 1840 fit,
1471 1763 1659 1825 suam
1687 1760 1905 1848 ipsum
1924 1758 2110 1823 fimul
2128 1757 2335 1821 osten·

244 1865 418 1930 dens
447 1863 751 1949 speciem.
797 1863 1111 1949 quocirca
1144 1859 1339 1932 extra
1368 1886 1606 1928 omnes
1636 1872 1900 1949 oportet
1927 1859 2180 1930 formas
2206 1860 2339 1921 esse·

243 1967 311 2031 id
343 1968 522 2053 quod
552 1967 782 2033 omnia
813 1965 884 2030 in
920 1967 982 2030 se
1018 1976 1449 2051 recepturum
1481 1967 1557 2029 fit
1583 1986 1857 2050 genera,
1887 1960 2345 2048 quemadmo-·

243 2070 411 2136 dum
445 2069 561 2155 qui
589 2079 934 2155 unguenta
964 2067 1137 2132 bene
1167 2065 1418 2132 olentia
1453 2066 1852 2149 conficiunt,
1897 2083 1985 2129 ex
2013 2086 2088 2127 a1
2090 2073 2154 2127 te
2179 2071 2340 2124 ante

245 2170 482 2236 omnia
515 2169 583 2248 jd
618 2171 911 2259 spectant
936 2182 1015 2236 ut
1029 2168 1334 2250 humida,
1351 2192 1523 2257 quae
1541 2167 1783 2233 odores
1801 2179 2153 2255 acceptma
2182 2160 2350 2243 fint‚'

243 2294 454 2357 quam
504 2272 804 2340 maxime
840 2273 1047 2338 odore
1083 2294 1294 2338 vacua
1335 2269 1666 2353 efficiant3
1712 2281 1780 2335 et
1806 2269 2216 2356 quicumque
2254 2249 2335 2329 iil
2374 2289 2381 2295 „

242 2375 323 2442 iis
355 2398 525 2464 quae
554 2377 786 2443 mollia
817 2379 975 2443 sunt
1003 2375 1256 2442 formas
1283 2374 1673 2464 exprimere
1719 2373 2100 2449 instituunt,
2143 2352 2325 2453 figu-

245 2500 397 2543 ram
427 2480 708 2545 omnino
737 2479 997 2544 nullam
1026 2477 1447 2566 perspicuam
1474 2477 1727 2540 subesse
1752 2476 1993 2552 finunt,
2031 2471 2142 2534 sed
2171 2479 2341 2534 ante¹

244 2579 666 2668 expolientes
705 2601 909 2666 quam
960 2579 1284 2644 levisfima
1321 2579 1438 2643 illa
1481 2576 1800 2642 efficiunt.
1845 2572 2079 2639 eadem
2121 2569 2331 2656 igitur

244 2682 513 2749 ratione
556 2682 761 2745 etiam
805 2679 1087 2766 ei-quod
1130 2703 1367 2745 rerum
1404 2679 1711 2745 omnium
1744 2696 2115 2764 earumque
2155 2693 2343 2758 quae⁴

243 2786 514 2872 semper
539 2782 734 2847 sunt
712 2804 785 2849 ιιι
808 2783 878 2847 se
909 2793 1126 2847 totum
1154 2784 1632 2870 saepenumero
1662 2779 2008 2846 fimulacia
2034 2779 2207 2843 bene
2238 2777 2333 2841 est

244 2897 722 3002 iecepturum,
767 2896 961 2950 extra
990 2906 1229 2950 omnes
1264 2882 1580 2950 convenit
1616 2895 1858 2950 natura
1885 2880 2140 2948 formas
2175 2877 2341 2944 effe

250 2989 565 3076 quocirca
595 3009 744 3065 eam
789 3008 964 3103 quae
1006 3008 1238 3052 rerum
1264 2986 1644 3074 genitarum
1675 2992 2049 3072 earumque
2088 2981 2330 3069 adspe-

251 3091 595 3158 ctabilium
633 3089 1043 3170 omninoque
1075 3089 1193 3153 sub
1222 3088 1444 3153 sensus
1475 3088 1852 3154 cadentium
1875 3096 2092 3151 mater
2113 3082 2202 3147 est
2232 3091 2339 3147 at·
2363 3110 2368 3115 ·

248 3215 377 3280 que
423 3191 948 3281 receptaculum,
1008 3212 1233 3276 neque
1273 3205 1523 3256 terram
1568 3211 1791 3278 neque
1835 3187 2063 3256 a‘e‘rem
2105 3202 2345 3268 neque·

247 3297 474 3382 ignem
504 3317 727 3381 neque
748 3314 996 3378 aquam
1024 3292 1360 3375 dicamne,
1402 3314 1623 3378 neque
1649 3312 1824 3378 quae
1857 3314 1942 3356 ex
1974 3290 2078 3357 his
2107 3304 2344 3370 neque

249 3421 286 3465 e
319 3397 557 3483 quibus
585 3389 749 3460 haec
774 3394 999 3478 genita
1026 3396 1223 3473 sunt,
1270 3394 1375 3460 sed
1407 3394 1689 3483 speciem
1721 3393 2067 3481 quandam
2084 3386 2329 3454 oculo-

246 3520 408 3566 rum
434 3499 691 3563 sensum
717 3495 1142 3581 effugientem
1174 3495 1571 3583 formaeque
1595 3509 1966 3584 expertem,
1987 3496 2059 3556 in
2090 3492 2157 3554 se
2187 3508 2329 3551 om-

247 3601 364 3667 nia
391 3598 863 3686 recipientem,
906 3610 1166 3686 partem
1202 3622 1366 3666 veto
1397 3600 1661 3665 ratione
1706 3597 1997 3684 quadam
2030 3587 2330 3659 maxime

248 3699 712 3792 inexplicabili
775 3701 915 3765 eius
960 3702 1323 3767 habentem
1388 3701 1568 3789 quod
1620 3698 1881 3766 ratione
1906 3691 2330 3777 intelligitur

248 3814 705 3905 perceptaque
732 3789 1194 3870 difficillimam
1224 3806 1267 3869 fi
1297 3827 1443 3915 eam
1473 3803 1842 3869 dixerimus
1860 3844 1879 3877 ‚
1923 3793 2101 3860 haud
2138 3815 2210 3857 er
2213 3813 2332 3869 ra-‚

258 3907 571 3974 verianus·
615 3907 836 3994 quoad
869 3928 1032 3972 vero
1058 3929 1144 3972 ex
1172 3907 1254 3972 iis
1286 3930 1462 3995 quae
1495 3917 1652 3970 ante
1687 3901 2028 3992 posuimus
2070 3894 2333 3982 assequi

249 4014 587 4123 possumus
640 4010 781 4074 eius
824 4021 1182 4082 naturam,
1240 4007 1337 4073 ita
1381 4008 1734 4072 rectissime
1785 4000 2030 4090 aliquis
2069 3999 2329 4078 dixerit,

165 4168 168 4177 .
251 4108 469 4195 ignem
504 4113 772 4202 semper
802 4109 1302 4181 inflammatam.
1328 4108 1473 4175 eius
1499 4119 1768 4198 partem
1795 4106 2011 4178 videri
2029 4150 2050 4191 ‚
2092 4103 2332 4172 made·-
