2738 4600
1042 356 1557 443 TIMAEUS.
1657 442 1662 455 ἱ
2239 360 2357 429 ιει

264 530 381 598 sed
411 540 726 620 quattuor
752 541 822 596 et
849 527 1031 594 inter
1065 529 1131 593 l'e
1155 528 1462 620 dispares
1491 543 1558 596 et
1587 529 1923 598 disfimiles
1949 529 2158 599 trium
2192 531 2359 599 reli-

267 658 593 723 quorum,
636 633 904 700 ratione
932 643 1161 698 autem
1207 645 1276 698 et
1308 655 1599 703 numero
1629 635 1698 699 se
1723 647 2094 701 moventes.

436 842 765 908 Animum
795 838 999 926 igitur
1025 861 1245 924 quum
1280 839 1525 904 mundi
1552 849 1948 926 procreator
1970 860 2054 904 ex
2084 838 2356 906 senien-

265 944 361 1010 tia
411 940 634 1008 t'otum
676 939 1165 1025 construxiffet,
1214 953 1360 1007 tum
1399 942 1695 1028 denique
1741 964 1946 1007 omne
1993 943 2170 1027 quod
2210 955 2357 1009 erat

264 1069 672 1132 corporeum
699 1047 880 1111 intra
918 1044 1114 1111 illum
1141 1043 1350 1113 finxit
1391 1056 1457 1110 et
1481 1044 1784 1110 ¹medium
1827 1043 2055 1109 medio
2084 1067 2355 1110 accom-

264 1150 549 1215 modans
579 1147 940 1236 copulavit.
982 1146 1098 1213 ille
1128 1170 1293 1214 vero
1332 1171 1372 1213 a
1400 1146 1627 1213 medio
1659 1146 1741 1212 ad
1774 1157 2157 1212 extremum
2197 1162 2357 1212 cae-

262 1253 408 1317 lum
439 1263 747 1316 extentus
770 1261 838 1314 et
866 1248 941 1314 in
969 1249 1205 1341 orbem
1241 1250 1648 1315 extrinsecus
1677 1250 1741 1314 ei
1774 1249 2224 1316 circumfusus
2249 1251 2384 1313 se-·

266 1377 399 1441 que
435 1355 510 1419 in
553 1353 788 1441 seipso
833 1352 1137 1432 versane,
1181 1351 1497 1418 divinum
1537 1350 1808 1418 initium
1859 1351 2059 1417 duxit
2101 1350 2356 1439 sempi-

261 1470 498 1524 ternae
541 1467 608 1519 et
637 1450 957 1538 sapientis
998 1452 1177 1516 vitae
1209 1451 1284 1518 in
1318 1448 1713 1520 universum
1748 1466 2042 1543 tempus.
2099 1467 2167 1520 et
2195 1450 2356 1520 cor-
2457 1510 2466 1523 .

261 1583 393 1647 pus
422 1556 699 1643 quidem
720 1554 886 1619 caeli
910 1552 1349 1643 adspectabile
1366 1554 1682 1621 effectum
1712 1559 1821 1638 est,
1839 1558 2101 1624 animus
2123 1570 2355 1623 autem

261 1661 626 1727 oculorum
671 1656 995 1742 effugiens
1058 1656 1373 1722 obtutum
1411 1670 1485 1722 et
1524 1659 1804 1725 rationis
1857 1662 2380 1744 concentusque

263 1783 569 1848 compoS,
587 1760 671 1825 ab
700 1758 957 1846 optimo
987 1782 1225 1825 eorum
1266 1760 1386 1848 qui
1413 1759 1532 1824 sub
1560 1760 2079 1846 intelligentiam
2110 1759 2360 1824 cadunt

267 1880 339 1932 et
370 1864 758 1949 sempiterni
790 1864 945 1926 sunt
975 1864 1274 1950 optimus
1299 1874 1693 1949 procreatus
1729 1885 1814 1928 ex
1845 1864 1940 1927 eis
1983 1884 2153 1948 quae
2184 1881 2357 1947 pro-

266 1980 496 2035 creata
521 1969 696 2030 sunt.
741 1965 990 2053 quippe
1020 1988 1107 2030 ex
1134 1965 1371 2030 eadem
1400 1952 1748 2050 alteraque
1775 1977 2019 2030 natura
2045 1975 2111 2028 et
2139 1972 2359 2026 mate-

265 2071 414 2142 ria,
459 2069 566 2133 his
617 2066 830 2155 tribus
871 2068 1174 2152 partibus
1197 2104 1227 2149 ,κ
1263 2062 1667 2156 temperatus
1698 2078 1769 2130 et
1808 2067 2071 2131 ratione
2104 2083 2357 2127 nume-

268 2194 496 2258 roque
526 2169 924 2236 distributus
953 2193 1030 2235 ac
1058 2169 1319 2237 vinctus
1347 2160 1549 2255 seque
1575 2168 1811 2256 ipsein
1841 2170 1907 2231 se
1936 2166 2351 2245 conversam,

270 2296 486 2364 quum
510 2271 779 2358 attingit
806 2271 1059 2356 aliquid
1092 2269 1273 2357 quod
1294 2282 1612 2337 naturam
1648 2269 1851 2337 habet
1877 2269 2356 2348 divisam,rur·

180 2389 213 2447 ἰ
268 2381 523 2462 susque
544 2374 728 2461 quod
757 2373 1211 2452 individuam,
1242 2373 1406 2446 dicit
1427 2375 1634 2462 perse
1658 2374 1881 2462 ipsam
1915 2383 2136 2437 totum
2165 2390 2353 2433 com—

267 2490 533 2557 motu-3,
577 2476 687 2541 cui
727 2475 887 2563 quid
920 2476 1099 2541 idem
1135 2478 1209 2541 fit
1243 2487 1309 2541 et
1346 2500 1387 2542 a
1432 2498 1568 2561 quo
1602 2475 1986 2556 diversum,
2037 2486 2104 2537 et
2144 2469 2380 2558 quor-'-

268 2583 417 2645 sum
453 2580 750 2644 maxime
777 2590 845 2643 et
873 2601 1005 2665 quo
1049 2580 1196 2644 loco
1229 2588 1345 2643 aut
1387 2579 1595 2643 modo
1637 2590 1756 2644 aut
1801 2590 2109 2666 tempore
2154 2572 2376 2660 quid--

274 2704 411 2768 que
453 2682 536 2745 ad
583 2680 876 2767 quidque
920 2703 1157 2745 eorum
1203 2701 1375 2765 quae
1403 2680 1577 2746 fiunt
1608 2693 1677 2746 et
1716 2682 2165 2765 eorumquae
2202 2666 2357 2742 sunl

269 2791 545 2874 semper
571 2784 804 2849 eadem
831 2782 1051 2870 aliquo
1082 2783 1283 2848 modo
1311 2783 1379 2846 se
1411 2782 1657 2849 habeat
1699 2798 1767 2849 et
1808 2783 2153 2852 afficiatur.
2214 2781 2377 2847 ser-¹

271 2912 391 2955 mo
420 2898 646 2953 autem
677 2907 914 2966 verus,
960 2885 1077 2969 qui
1103 2886 1178 2950 in
1205 2908 1283 2950 eo
1322 2886 1499 2971 quod
1524 2888 1789 2976 semper
1830 2888 1920 2951 est
1956 2885 2141 2951 idem
2187 2893 2254 2946 et
2281 2881 2357 2947 in
2453 2969 2458 2976 1

273 2992 487 3057 altero
534 2990 844 3055 versatur
889 2999 957 3052 et
987 2988 1061 3052 in
1103 3010 1181 3054 eo
1215 2989 1395 3075 quod
1437 3013 1477 3054 a
1502 2988 1818 3076 seipsum
1863 2999 2184 3055 movetur
2222 2985 2357 3048 fine

275 3115 448 3157 voce
472 3091 697 3157 fertur
720 3104 917 3176 atque
944 3093 1141 3172 sono,
1185 3114 1401 3177 quum
1439 3090 1509 3155 id
1545 3077 2024 3178 attingit·quod
2055 3088 2172 3153 sub
2197 3088 2357 3150 sen-

275 3197 425 3260 sum
456 3195 635 3259 cadit
664 3205 731 3259 et
755 3192 939 3258 orbis
976 3194 1244 3258 alterius
1270 3194 1535 3278 generis
1573 3206 1758 3259 recta
1782 3192 2153 3283 procedens
2193 3186 2357 3252 uni-

275 3299 470 3363 verse
506 3297 645 3361 eius
675 3297 903 3388 animo
933 3296 1335 3375 denunciat,
1374 3308 1516 3361 tum
1548 3295 1897 3385 opiniones
1932 3295 2353 3363 assensiones·

280 3421 416 3485 qne
451 3398 688 3463 firmae
718 3420 1056 3483 veraeque
1085 3399 1475 3485 gignuntur,
1498 3421 1707 3485 quum
1738 3413 1969 3467 contra
2000 3399 2072 3461 in
2093 3416 2168 3457 eo
2199 3411 2352 3453 ver-

275 3502 449 3567 titur
491 3500 672 3585 quod
719 3501 961 3566 mentis
1004 3513 1084 3565 et.
1118 3501 1395 3567 rationis
1440 3504 1527 3566 est
1556 3504 1921 3592 particeps,
1964 3511 2032 3563 et
2069 3505 2355 3559 naturae

278 3602 582 3670 eiusdem
614 3600 1132 3668 orbis·volubilis
1161 3602 1229 3667 id
1262 3601 1588 3689 declarat,
1640 3607 1817 3672 ratio
1843 3605 1910 3667 e't
1932 3595 2200 3665 scientia
2225 3618 2354 3660 ne-

279 3702 550 3770 cessario
579 3701 962 3769 absolvitur.
1009 3706 1136 3771 hoc
1163 3716 1389 3772 autem
1425 3707 1493 3772 in
1519 3730 1655 3795 quo
1687 3707 1763 3771 hi
1801 3708 1938 3771 duo
1969 3700 2279 3766 exfistunt
2310 3701 2356 3765 fi
2453 3721 2472 3774 ·,

280 3807 428 3893 quis
455 3806 635 3871 aliud
667 3804 827 3892 quid
869 3828 1072 3892 quam
1102 3809 1409 3877 animum
1443 3807 1911 3900 appellaverit,
1954 3802 2183 3873 omnia
2213 3827 2384 3886 ma-,

284 3907 382 3995 gis
408 3930 613 3996 quam
643 3930 885 3976 verum
922 3910 1194 3979 dixerit.
