2738 4600
1108 311 1582 382 GR1T1A8.·
2257 308 2383 388 :287

235 499 246 504 ‘
309 484 540 567 candi,
596 482 991 573 praesertim
1034 483 1504 571 Mnemosyne.
1560 476 1793 551 ‘ferme
1846 483 2029 552 enim
2083 484 2385 553 maxima

308 588 714 659 orationum.
744 588 1120 652 nostrarum
1167 587 1240 651 in
1279 586 1407 654 hac
1453 589 1575 654 dea
1607 588 1838 654 omnia
1877 589 2227 670 nituntur3
2265 610 2386 652 re·-

309 691 664 759 cordantes
690 689 867 755 enim
897 688 1051 753 satia
1082 698 1150 752 et
1183 690 1659 755 renunciantes
1689 715 1731 757 a
1771 687 2222 757 sacerdotibus
2250 688 2383 753 ali-
2418 703 2428 726 '-

308 786 581 883 quando
613 794 825 859 relata
867 801 935 855 et
956 791 1157 857 huo-a
1194 787 1445 858 Solone
1479 793 1804 872 adducta,
1846 792 1981 860 scio
2006 790 2152 856 fere
2175 791 2382 856 etiam

306 897 469 964 huic
518 895 786 962 theatro
805 929 808 932 ·
830 916 951 959 nos
978 893 1243 960 visuros
1274 899 1401 961 effe
1439 895 1903 963 convenientia
1944 883 2124 958 recte
2160 892 2384 960 absol-

305 1022 502 1067 vere.
561 1010 631 1063 et
677 996 804 1064 hoc
840 993 1065 1084 ipsum
1105 995 1242 1064 iam
1276 995 1663 1067 faciendum
1703 1021 1830 1064 nec
1873 995 2165 1085 amplius
2205 1016 2383 1062 cun-

308 1105 647 1174 ctandum.

479 1274 809 1345 Omnium
834 1272 1041 1359 igitur
1069 1273 1369 1360 primum
1394 1296 2014 1342 commemoremus
2043 1270 2382 1360 summam

306 1380 498 1449 fuifl‘e
520 1399 768 1446 novem
794 1373 1085 1440 millium
1118 1395 1475 1457 annorum,
1505 1399 1596 1441 ex
1629 1399 1762 1462 quo
1798 1388 2101 1465 tempore
2125 1371 2382 1460 bellum

305 1487 549 1572 geffiffe
583 1476 954 1545 traduntur
984 1478 1103 1563 qui
1125 1475 1304 1542 ultra
1332 1489 1401 1540 et
1435 1477 1550 1563 qui
1594 1479 1764 1543 citra
1786 1478 2087 1543 Herculis
2116 1475 2384 1540 colum-

305 1611 429 1655 nas
488 1577 947 1650 habitaverint
1006 1600 1278 1657 omnes;
1339 1580 1519 1664 quod
1567 1602 1751 1645 nunc
1791 1579 2230 1645 narrandum.
2315 1585 2384 1639 et

307 1690 417 1757 his
445 1684 720 1786 quidem
746 1681 913 1747 haec
951 1679 1187 1746 civitas
1243 1680 1584 1770 praefecta
1627 1680 1818 1748 fuisse
1852 1693 2210 1767 totumque
2234 1669 2383 1742 bel·-

306 1793 457 1860 lum
509 1773 891 1870 transegiss'e
935 1782 1311 1866 dicebatur,
1356 1785 1482 1852 illis
1525 1807 1690 1865 vero
1719 1783 2076 1852 Atlantidis
2125 1780 2383 1845 insulae

307 1913 529 1977 reges„
573 1910 774 1975 quam
816 1886 1081 1974 quidem
1117 1884 1332 1974 Libya
1369 1898 1437 1951 et
1465 1887 1613 1954 Ana
1652 1888 1978 1954 maiorem
2024 1880 2390 1970 aliquando

307 1995 595 2062 insulam
618 1991 810 2057 fuifle
840 1988 1309 2067 narravimus,
1353 2013 1539 2072 nune
1583 2003 1813 2056 autem
1850 1999 2138 2079 propter,
2162 1997 2385 2051 terrae

307 2108 534 2162 motus
579 2092 989 2157 submersam
1035 2111 1338 2178 ⁴coenum
1386 2092 1830 2180 innavigabile
1869 2093 2033 2159 hinc
2071 2091 2148 2156 in
2190 2093 2385 2153 mare

306 2198 595 2274 ulterius
625 2192 1078 2281 enavigaturis
1122 2192 1409 2261 obiicere
1431 2196 1989 2285 impedimentum
2025 2191 2383 2281 quominus
2443 2254 2451 2260 .

305 2304 491 2368 ultra
522 2295 844 2389 progredi
894 2295 1172 2384 poss'ent.
1238 2321 1316 2364 ac
1368 2299 1698 2388 plurimas
1740 2293 2023 2387 “quidem
2081 2294 2385 2381 nptiones

305 2405 623 2483 barbaras
652 2413 719 2468 et
742 2411 907 2488 quot
935 2399 1358 2479 Graecorum
1396 2414 1560 2475 tunc
1584 2388 1835 2469 fuerint
1861 2412 2126 2491 gentes,
2170 2399 2384 2481 fingu-

303 2509 405 2575 las
433 2504 756 2571 orationis
807 2502 1123 2590 expositio
1163 2514 1512 2589 tamquam
1555 2507 1868 2571 revoluta
1913 2502 2036 2569 ubi
2066 2497 2384 2583 cuiusque

306 2608 564 2676 mentio
607 2604 859 2670 incidet
897 2604 1296 2680 declarabit3
1357 2606 1866 2691 Atheniensium
1903 2604 2068 2670 vero
2105 2601 2384 2665 illorum

307 2723 379 2780 et
416 2707 961 2776 adversariorum
1009 2706 1411 2793 quibuscum
1452 2719 1843 2797 pugnaiunt
1881 2710 2130 2773 necesse
2168 2704 2255 2768 est
2297 2697 2381 2765 ab

304 2810 502 2880 initio
533 2811 833 2898 primum
873 2831 1214 2894 exponere
1239 2811 1618 2899 potestatem
1652 2823 1722 2877 et
1758 2811 2071 2879 civitates.
2128 2810 2231 2876 his
2268 2808 2384 2895 ip-

306 2917 387 2981 fis
414 2926 643 2982 autem
670 2915 890 2978 nostra
921 2912 1388 3002 anteponenda
1417 2914 1739 3003 priusque
1765 2915 2143 2984 enarranda
2169 2916 2339 2980 sunt.
2398 2994 2401 2997 Ἴ

477 3086 594 3152 Dii
641 3084 948 3150 videlicet
993 3083 1384 3152 universam
1436 3098 1691 3154 terram
1742 3086 2099 3172 aliquando
2140 3085 2385 3148 secun-

307 3189 468 3255 dum
512 3189 695 3254 locos
729 3187 921 3252 inter
958 3188 1034 3251 se'
1065 3188 1279 3253 sortiti
1321 3190 1510 3269 sunt,
1555 3213 1692 3255 non
1740 3213 1862 3277 per
1909 3191 2097 3255 litem
2132 3190 2385 3274 (neque

307 3289 491 3355 enim
521 3289 1045 3363 consentaneum
1078 3293 1234 3354 effet
1265 3289 1485 3355 dicere
1514 3291 1674 3356 deos
1714 3290 2029 3377 ignorare
2061 3290 2220 3373 quid
2250 3287 2385 3353 cui-

306 3412 439 3478 que
472 3388 776 3477 ipsorum
814 3389 1231 3473 conveniret,
1277 3394 1392 3456 vel
1422 3392 1700 3459 scientes
1737 3394 1911 3480 quod
1942 3394 2024 3457 ad
2054 3382 2214 3457 elios
2243 3386 2386 3453 mai·

307 3493 409 3581 gis
450 3493 822 3583 pertineret
862 3491 1143 3557 idjiios
1188 3493 1514 3581 litigando
1558 3496 1787 3561 conari
1828 3492 2227 3573 vindicare),
2267 3489 2387 3556 sed

305 3594 477 3662 iuris
521 3592 805 3659 sortibus
847 3604 1107 3681 gratum
1156 3594 1274 3660 fibi
1327 3597 1501 3662 nacti
1548 3599 1849 3683 regiones
1885 3595 2224 3663 domicilio
2266 3589 2386 3658 fibi

311 3694 745 3780 delegerunt,
786 3694 1029 3782 hisque
1069 3696 1378 3779 delectis,
1424 3699 1590 3764 ficut
1619 3701 1909 3790 pastores
1951 3719 2216 3785 greges,
2260 3716 2387 3761 nos

311 3797 650 3884 mancipia
694 3807 760 3861 et
800 3799 1106 3865 alumnos
1154 3802 1304 3863 suos
1344 3800 1817 3873 nutriverunt,
1864 3798 1982 3863 nifi
2021 3798 2205 3884 quod
2246 3821 2390 3864 non

306 3899 703 3990 corporibus
732 3924 1019 3990 corpora
1047 3903 1409 3990 coegerunt
1424 3954 1445 3988 ‚
1491 3902 2079 3999 quemadmodum*
2097 3903 2389 3994 pastores
