2738 4600
1121 281 1640 382 TIMAEUS,
2310 301 2435 369 253

352 475 585 542 rursus
612 468 870 556 implet.
933 479 1002 531 et
1026 465 1298 551 qnando
1337 466 1491 552 plus
1537 489 1743 553 quam
1773 465 1998 540 influit
2024 472 2289 539 decedit
2315 485 2436 539 to...

352 591 498 643 tum
541 570 895 649 decrescit,
940 570 1408 656 quandovero
1436 569 1699 646 minue,
1744 576 2050 661 augescit.
2094 599 2175 642 ae
2200 599 2438 678 {tenens

237 663 248 674 ”
353 680 629 767 quidem
691 672 892 740 totius
955 671 1314 737 animantis
1383 675 1815 757 constructio,
1878 702 2054 745 nova
2095 680 2441 767 triangula
2537 731 2543 740 .

349 784 574 848 adhuc
599 777 859 846 habens
888 798 925 839 e
948 774 1309 862 generibus
1336 776 1471 842 illis
1496 788 1818 864 quattuor
1840 789 2184 867 tamquam
2208 806 2252 847 e
2279 781 2435 848 fun-

352 887 677 952 damento
714 878 861 944 ficta
878 924 900 957 ,
944 877 1245 944 validam
1287 875 1563 964 quidem
1607 883 2146 971 compactionem
2191 906 2433 970 eccum

348 990 531 1055 inter
577 987 644 1048 se
693 983 1000 1073 poffidet,
1058 983 1420 1069 composita
1461 1003 1623 1049 vero
1668 984 1982 1066 universa
2035 987 2176 1053 eius
2228 992 2432 1066 moles
2538 986 2548 999 '

353 1093 443 1155 cst
487 1086 741 1168 mollis,
800 1085 1057 1172 quippe
1102 1085 1482 1170 emedulla
1527 1090 1829 1153 constans
1875 1111 2113 1161 recens
2154 1103 2310 1157 nata
2336 1123 2337 1128 ¹
2364 1106 2433 1157 et

350 1169 876 1278 laptelnutrita3
921 1188 1405 1274 comprehensa
1452 1187 1653 1272 igitur
1700 1188 1770 1255 in
1807 1215 1886 1262 ea
1917 1192 2259 1281 triangula
2308 1219 2433 1260 ex..
2501 1237 2507 1250 ,

347 1296 673 1374 trinsecus
715 1291 937 1367 filata,
998 1310 1036 1351 e
1088 1288 1329 1373 quibus
1387 1284 1518 1353 cibi
1560 1302 1622 1354 et
1663 1300 2237 1380 potus.constant‚
2295 1299 2432 1365 suis

290 1415 295 1419 ’
344 1396 700 1483 triangulis
746 1390 1098 1456 vetustiora
1142 1401 1211 1455 et
1251 1390 1685 1459 imbecilliora
1711 1444 1716 1452 ,
1738 1397 2117 1488 recentibuc
2158 1401 2434 1491 superat

346 1506 571 1570 secans
604 1513 1069 1582 magnumque
1107 1492 1307 1560 efficit
1334 1495 1585 1560 animal
1618 1496 1972 1563 nutriendo
1999 1503 2230 1569 multis
2259 1506 2430 1571 fimi-

345 1608 548 1674 libus,
620 1596 896 1686 quando
936 1617 1098 1661 vero
1147 1596 1343 1662 radix
1391 1597 2206 1685 triangulorum-laxatur
2264 1630 2432 1693 pro-

346 1720 588 1798 pterea
657 1699 838 1788 quod
906 1700 1122 1764 multa
1199 1699 1572 1765 certamina
1643 1704 1916 1787 longum
1966 1727 2090 1792 per
2162 1718 2430 1798 tempus

349 1808 579 1877 multis
620 1802 989 1882 conseruit,
1052 1802 1373 1868 alimenta
1416 1803 1716 1885 ingressa.
1740 1805 1879 1896 iam
1922 1821 2276 1892 nequeunt
2314 1811 2434 1882 illa

347 1917 577 1980 secare
608 1910 685 1975 in
711 1916 930 1994 partes
959 1903 1072 1968 fibi
1102 1883 1377 1983 iimiles‚
1422 1904 1533 1967 sed
1562 1905 1704 1993 ipsa
1735 1906 1866 1970 ab
1847 1907 1926 1972 lis
1959 1931 2134 1993 quae
2166 1915 2431 1979 extrin-

345 2020 532 2083 secus
571 2008 909 2077 invadunt
953 2005 1150 2071 facile
1207 2007 2181 2089 dissolvuntu13eonsumitur
2217 2015 2431 2100 igitur

344 2130 568 2184 totum
626 2110 880 2179 animal
922 2109 993 2173 in
1033 2110 1161 2174 hoc
1201 2112 1634 2198 superatum,
1695 2123 1763 2177 et
1804 2114 2105 2179 senectus
2150 2117 2430 2200 §ocatur
2457 2139 2471 2150 “

343 2223 511 2288 haec
556 2214 837 2282 affectio,
899 2212 1172 2279 tandem
1215 2237 1413 2288 vero,
1471 2236 1688 2300 quum
1741 2214 2227 2304 triangulorum
2279 2244 2429 2285 me-

344 2325 571 2390 dullae
616 2319 887 2385 vincula
937 2316 1337 2384 concinnata
1369 2320 1504 2385 iam
1535 2342 1676 2385 non
1703 2321 1994 2387 resistere
2027 2323 2294 2407 poffunt
2322 2316 2430 2390 la-s-

341 2428 507 2493 bore
561 2421 912 2501 dissoluta,
989 2420 1344 2487 dimittunt
1402 2421 1607 2487 etiam
1647 2421 1858 2486 animi
1920 2422 2243 2499 vincula3>
2308 2424 2428 2509 qui

346 2527 615 2614 quidem
649 2522 1017 2587 secundum
1058 2533 1375 2596 naturam
1408 2526 1658 2590 solutus
1687 2546 1843 2590 cum
1877 2526 2224 2611 voluptate
2259 2548 2431 2606 evo-,-

342 2634 441 2696 lat
455 2625 484 2710 ς’
548 2623 865 2711 quicquid
922 2623 1103 2688 enim
1148 2648 1188 2690 a
1232 2639 1478 2693 natura
1525 2629 1838 2693 aversum
1901 2628 2021 2708 est,
2081 2628 2426 2710 acerbum,

344 2730 524 2820 quod
543 2750 726 2803 ¹vero
756 2725 849 2789 ita
883 2719 1254 2827 ‘peragitur'
1279 2743 1357 2793 ut
1396 2742 1680 2795 naturae
1708 2732 1879 2797 ratio
1910 2728 2150 2815 exigit,
2192 2733 2428 2816 iucun-

342 2836 533 2902 dum.
601 2841 805 2917 atque
844 2851 1031 2895 mors
1067 2852 1339 2916 quoque
1362 2833 1689 2900 similiter
1679 2856 1772 2898 ea
1798 2854 1970 2918 quae
2001 2856 2124 2922 per
2157 2835 2429 2901 morbos

342 2950 411 3003 et
457 2934 751 3002 vulnera
791 2931 1118 3018 contingit
1162 2935 1399 3002 acerba
1443 2950 1511 3003 et
1548 2935 1875 3013 violenta,
1921 2959 2000 3002 ea
2038 2960 2205 3003 velo
2240 2960 2430 3035 quae

342 3042 483 3130 pust
510 3040 921 3103 senectutem
950 3036 1035 3100 ad
1060 3034 1270 3104 finem
1298 3041 1525 3128 pergit
1550 3042 1791 3107 secund
1804 3063 1918 3107 um
1951 3050 2291 3117 naturam,
2309 3037 2428 3101 mi·

337 3143 601 3213 nimam
634 3163 744 3204 ex
755 3139 1070 3204 omnibus
1096 3141 1465 3207 molestiam
1496 3144 1771 3210 exhibet
1800 3143 2148 3232 magisque
2175 3139 2430 3204 iucun-

342 3248 430 3312 da
455 3264 659 3330 quam
689 3241 885 3307 tristis
914 3218 1172 3308 accidit.

464 3347 620 3410 ·De
667 3344 917 3410 moabia
961 3355 1224 3427 autem,
1282 3344 1555 3414 cuilibet
1588 3348 1722 3413 fine
1765 3346 1974 3413 dubio
2020 3355 2203 3432 patet
2242 3343 2430 3417 unde

344 3447 790 3516 concitentur.
853 3446 1105 3513 etenim
1146 3461 1466 3535 quattuor
1498 3455 1711 3537 qiium
1741 3452 1862 3516 fint
1901 3466 2150 3535 genera
2187 3469 2224 3510 e
2263 3444 2428 3532 qui-

343 3552 476 3617 bus
521 3562 945 3636 compactum
994 3553 1082 3617 est
1122 3573 1399 3642 corpus,
1447 3565 1662 3632 terra,
1704 3552 1912 3640 ignis,
1966 3572 2141 3638 aqua
2179 3561 2246 3613 et
2284 3571 2428 3628 aer,

344 3656 598 3722 horum
630 3676 672 3718 a
701 3658 1204 3721 naturaaversa
1231 3654 1644 3723 abundantia
1665 3669 1729 3721 et
1756 3653 2057 3719 defectus
2088 3662 2156 3716 et
2185 3650 2430 3739 migra-

344 3756 437 3821 tio
466 3779 504 3820 e
539 3757 687 3821 loco
716 3756 992 3844 proprio
1021 3758 1094 3821 in
1134 3757 1471 3840 alienum,
1516 3759 1689 3845 ignis
1717 3779 1926 3847 porro
1966 3753 2431 3842 reliquorum-

345 3879 474 3946 que
507 3860 707 3923 status
733 3859 968 3946 (plura
999 3859 1179 3925 enim
1213 3861 1366 3925 sunt
1398 3882 1536 3925 uno
1566 3866 1880 3945 genera),
1921 3856 2190 3944 quando
2223 3859 2433 3947 quid-

346 3981 479 4044 que
507 3982 644 4025 non
671 3960 740 4026 id
771 3962 952 4048 quod
997 3962 1113 4027 fibi
1147 3964 1471 4047 convenit
1506 3959 1821 4043 assumit,
1868 3972 1939 4026 et
1978 3960 2211 4027 omnia
2250 3961 2434 4028 eius-

276 4054 283 4060 ’
342 4059 533 4128 modi
571 4061 929 4149 seditiones
972 4074 1040 4129 et
1081 4064 1352 4131 morbos
1395 4063 1737 4142 inferunt3
1798 4076 2069 4154 praeter
2113 4076 2431 4155 naturam
