2738 4600
40 1656 45 1777 ι

1043 367 1594 438 ΤΙΜΑΕΠ5.“
2206 374 2329 444 155

241 547 372 617 est.
437 541 581 622 sed,
643 542 820 628 quod
861 541 1035 605 hene
1082 552 1331 619 vertat,
1393 538 1584 603 vobis
1630 539 1898 624 quidem
1940 541 2329 628 dicendum,

239 647 412 713 mihi
440 642 663 712 autem
697 666 820 733 pro
854 643 1172 708 hesternis
1203 629 1769 728 disputationibus
1809 644 2166 730 quiescenti
2196 671 2328 714 au-

241 746 584 815 diendum.
1022 804 1025 809 .

411 852 528 918 Cr.
572 848 929 927 Considera
974 849 1220 934 quaeso
1265 871 1557 915 munera
1593 847 1980 937 hospitalia,
2026 847 2358 931 Socrates

240 955 588 1040 quomodo
628 953 743 1019 tibi
777 952 1312 1039 disposuerimus,
1376 952 1627 1039 placuit
1655 954 1837 1018 enim
1869 955 2067 1019 nobis
2099 969 2175 1020 ut
2196 959 2326 1022 Ti-

234 1079 511 1137 maeu8,
552 1058 799 1144 quippe
831 1057 947 1141 qui
978 1054 1363 1137 astrologiae
1399 1057 1829 1141 peritissimus
1865 1082 1902 1123 e
1945 1057 2139 1125 nobis
2171 1064 2325 1124 esset

237 1170 308 1223 et
333 1161 419 1224 ad
445 1171 756 1225 natura-m
797 1158 1096 1223 universi
1129 1150 1650 1241 cognoscendam
1689 1162 2034 1228 summum
2081 1172 2327 1233 contu,-

231 1262 392 1327 lerit
420 1262 749 1339 studium,
797 1263 1056 1346 primus
1091 1264 1302 1327 verba
1335 1258 1585 1326 faceret
1615 1262 1941 1349 incipiens
1992 1282 2033 1329 a
2081 1262 2328 1329 mundi'

233 1377 390 1430 ortu
429 1377 495 1430 et
542 1367 841 1430 desinens
882 1363 957 1428 in
1010 1363 1371 1428 hominum
1415 1376 1689 1440 natura,
1734 1386 1853 1450 ego
1899 1377 2127 1432 autem
2177 1366 2324 1454 post

230 1467 448 1545 hunc,
505 1469 762 1553 quippe
801 1465 884 1528 ab
917 1465 1050 1530 hoc
1089 1464 1424 1551 accipiens
1461 1466 1776 1530 homines
1809 1464 2111 1534 oratione
2151 1491 2321 1557 pro-

231 1582 493 1634 creatos
509 1619 534 1648 ,
581 1582 650 1632 et
675 1590 716 1630 a
748 1579 815 1631 te
847 1563 1172 1633 institutos
1204 1569 1544 1654 insigniter
1574 1569 1897 1652 quosdam
1938 1592 2199 1651 eorum,
2226 1571 2321 1633 se-

229 1672 539 1745 cundum
571 1669 831 1735 Solonis
860 1694 1023 1735 vero
1048 1670 1434 1734 orationem
1465 1693 1545 1734 ac
1585 1671 1802 1758 legem
1837 1671 2174 1735 adducens
2208 1690 2321 1731 eos

225 1774 315 1838 ad
352 1796 477 1838 vos
509 1785 847 1858 tamquam
882 1773 963 1839 ad
997 1773 1248 1836 iudices
1284 1773 1676 1835 exhiberem
1712 1774 1889 1859 cives
1923 1772 2125 1836 huius
2154 1769 2323 1837 civi-

226 1877 386 1940 tatis
417 1878 601 1940 velut
628 1878 672 1939 fi
701 1874 773 1938 hi
807 1879 1006 1939 eflent
1030 1876 1155 1958 qui
1179 1888 1342 1939 tunc
1368 1871 1643 1948 fuiffent
1677 1872 2133 1948 Athenienses,
2153 1889 2320 1953 quos

226 1978 618 2042 declaraffet
646 1980 982 2042 evanuisse
1012 1978 1393 2042 litterarum
1426 1965 1771 2045 'sacrarum
1800 1972 2005 2052 fama,
2050 1981 2114 2034 et
2132 1978 2322 2049 'cete--¹

221 2101 389 2144 rum
407 2079 547 2144 iam
572 2080 657 2142 de
682 2079 834 2165 ipsis
863 2090 944 2142 ut
959 2079 1044 2143 de
1073 2079 1130 2142 ci
1142 2072 1349 2141 vibus*
1367 2089 1431 2140 et
1448 2077 1958 2144 Athenienfibus
1981 2076 2316 2158 loquerer.

413 2179 521 2245 So.
568 2179 875 2246 Pei-fecte
901 2193 967 2245 et
1001 2174 1343 2266 splendide
1384 2181 1626 2244 videor
1665 2179 1948 2243 viciffim
1997 2186 2317 2262 acceptu-

226 2305 347 2347 rus
384 2287 510 2348 esse
533 2283 915 2348 sermonum
949 2280 1421 2370 epulationem.
1482 2283 1713 2348 Tuum
1746 2282 1881 2347 iam
1914 2279 2041 2342 erit
2072 2274 2330 2357 dicerej

229 2386 547 2467 'fimat-⁶:1³,
601 2386 944 2476 deinceps,
990 2397 1073 2451 ut
1094 2397 1316 2474 patet,
1357 2386 1704 2471 postquam
1734 2384 1896 2448 deos
1932 2381 2081 2466 lege
2104 2380 2316 2442 invo-

228 2508 505 2553 caveris.
634 2573 636 2578 ,
2067 2497 2072 2508 ‘

408 2588 514 2655 Τι’.
564 2590 709 2654 Hoc
738 2590 1053 2673 quidem,
1098 2592 1399 2671 Socrate,
1444 2609 1679 2654 omnes
1720 2583 1973 2672 faciunt
2000 2580 2316 2666 quicum-

227 2714 367 2778 que
412 2691 616 2776 etiam
671 2692 1031 2777 paululum
1075 2692 1384 2779 sapiunt:
1443 2690 1519 2754 in
1567 2707 1834 2774 quoque
1865 2685 2066 2749 'enim
2111 2704 2313 2771 opere

226 2793 650 2881 suscipiendo
682 2804 822 2857 tam
861 2792 1108 2877 exiguo
1138 2812 1335 2876 quam
1367 2812 1613 2875 magno
1643 2787 1839 2853 deum
1877 2791 2141 2871 semper
2163 2784 2312 2851 fere

230 2898 588 2976 invocant3
633 2918 755 2958 nos
790 2905 955 2960 ver‘o
992 2893 1217 2979 quide
1240 2893 1556 2978 universo
1591 2892 1796 2957 verba
1833 2892 2079 2956 facturi
2109 2893 2329 2957 fimus

230 3010 463 3064 utrum
515 3008 741 3063 ortum
791 2997 1033 3088 lrabeat
1087 3018 1333 3070 necne,
1398 2997 1517 3059 nifi
1564 2998 1841 3082 prorsus
1888 2994 2301 3081 defipiamus,

231 3103 595 3167 neceffe‘est
618 3100 780 3175 ,deos
815 3111 879 3164 et
908 3100 1064 3164 deas
1110 3100 1505 3185 invocantes
1551 3099 1816 3185 precari
1856 3112 1930 3164 ut
1960 3096 2190 3161 omnia
2222 3116 2309 3159 ex

231 3204 522 3293 ipsorum
551 3204 851 3269 maxime
880 3202 1202 3265 sententia
1238 3199 1563 3285 nobisque
1608 3202 2078 3267 convenienter
2119 3199 2308 3263 dica-

229 3330 401 3373 mus.
449 3329 524 3369 ac
550 3305 643 3369 dii
669 3304 942 3389 quidem
982 3305 1077 3368 ita
1113 3301 1406 3368 invocati
1430 3304 1660 3380 sunto,
1707 3327 1828 3369 nos
1872 3315 2093 3368 autem
2136 3318 2306 3384 pro-

229 3407 522 3473 vocandi
558 3418 638 3471 ut
682 3428 831 3471 eam
872 3405 1248 3496 disputandi
1286 3404 1956 3493 viam⁴ingrediamur
2000 3422 2133 3487 qua
2187 3417 2304 3461 vos

229 3510 550 3600 facillime
584 3508 960 3596 percipiatis
995 3520 1059 3572 et
1086 3531 1209 3597 ego
1233 3511 1628 3577 sententiam
1658 3532 1878 3576 meam
1914 3506 1999 3590 de
2021 3523 2105 3567 -1'6
2132 3519 2303 3587 ΡΙὌ-

228 3616 434 3702 posita
468 3611 762 3676 maxime
787 3610 1148 3676 declarem.

392 3715 504 3781 Est
532 3725 763 3779 autem
797 3735 951 3777 meo
981 3712 1229 3777 iudicio
1280 3713 1583 3799 primum
1631 3711 1761 3774 hoc
1801 3701 2300 3794 explicandum,

233 3816 387 3901 quid
422 3816 501 3879 fit
533 3815 601 3879 id
638 3815 811 3903 quod
851 3816 1111 3903 semper
1152 3813 1226 3878 fit
1259 3837 1477 3901 neque
1518 3811 1731 3876 ullum
1761 3808 2004 3874 habeat
2045 3816 2298 3891 ortum,

234 3931 300 3983 et
328 3918 489 4003 quid
521 3917 591 3983 id
625 3918 806 4004 quod
835 3916 1148 4003 gignatur
1181 3938 1303 3980 nec
1328 3933 1653 3997 umquam
1686 3912 1791 3985 fit,
1823 3931 2114 3993 quorum
2143 3911 2301 3997 qui-

233 4021 385 4085 dem
441 4021 733 4086 alterum
782 4016 1220 4103 intelligentia
1271 4027 1337 4081 et
1387 4013 1648 4080 ratione
1694 4013 2300 4100 comprehendatur

231 4122 627 4211 semperque
653 4123 731 4188 fit
771 4129 908 4187 uno
941 4130 1007 4185 et
1040 4119 1275 4186 eodem
1314 4120 1520 4201 statu,
1565 4115 1893 4214 alterum,
1942 4114 2293 4212 opinabile,
