2738 4600
1108 287 1620 380 nmmos:
2272 308 2396 386 αις,

301 474 401 538 to.
431 463 712 530 ⁴fervere
741 475 812 532 et
841 460 1245 530 fermentari
1273 461 1597 529 dicuntur
1614 464 1826 532 -has
1854 464 2060 552 igitur
2088 467 2398 535 affectio-

303 589 428 633 nea
460 566 639 653 quod
683 567 884 636 affert
922 568 990 632 id
1020 567 1283 633 aeidum
1329 566 1734 655 appellatur.
1771 571 2075 636 omnium
2106 595 2271 655 yero
2310 572 2396 636 de

257 739 260 742 ,
302 668 414 735 his
447 670 782 738 dictorum
825 671 1168 738 contraria
1199 668 1469 735 affectio
1515 672 1927 739 contrariam
1976 671 2181 739 habet
2227 697 2398 743 cau-

300 775 438 838 sam
453 803 482 855 3a
519 774 775 842 etenim
801 773 1068 860 quando
1108 773 1514 842 intrantium
1547 776 2034 862 coagmentatio
2059 778 2132 843 in
2159 778 2398 845 humi-

302 876 426 956 dis,
452 888 702 942 natura
724 861 1147 961 illa'quidem
1180 876 1872 963 convenienslinguae
1888 878 2166 953 habitui,
2215 882 2397 946 rnol-

298 978 378 1044 lit
402 978 847 1048 demulcendo
873 981 1295 1068 exasperata,
1343 990 1410 1046 et
1426 992 1706 1069 praeter
1733 990 2046 1047 naturam
2080 995 2398 1050 concreta

298 1081 624 1147 1axat2aut
663 1080 901 1148 diffusa
936 1083 1281 1148 contrahit
1311 1083 1678 1169 omniaque
1725 1102 1929 1167 quam
1965 1084 2266 1150 maxime
2289 1086 2400 1149 se.-

301 1184 601 1250 cundum
630 1198 953 1252 naturam
982 1186 1342 1266 constituit,
1387 1207 1593 1252 omne
1620 1184 1751 1250 hoc
1778 1184 1972 1270 'quod
2004 1187 2298 1252 iucunda
2332 1198 2399 1252 et

277 1287 550 1372 zcuique
595 1300 872 1375 accepta
909 1287 1367 1354 violentarum
1411 1285 1850 1354 affectionum
1905 1287 2244 1358 medicina
2285 1288 2398 1373 est,
2448 1315 2454 1321 ·

283 1389 497 1483 ,dulce
523 1402 826 1456 vocatur.
2033 1387 2039 1394 ’

273 1484 281 1492 ’
472 1492 701 1576 Atque
727 1494 898 1558 haec
924 1488 1198 1577 quidem
1218 1492 1310 1558 ita
1335 1495 1406 1557 se
1437 1491 1728 1568 habent;
1778 1492 1961 1579 quod
1978 1516 2139 1559 vero
2166 1492 2251 1558 ad
2268 1516 2397 1559 na-

299 1592 485 1660 rium
520 1594 663 1660 vim
700 1593 963 1675 attinet,
990 1595 1214 1662 nullae
1239 1596 1394 1662 sunt
1427 1595 1500 1659 iu
1535 1617 1612 1661 ea
1642 1595 1925 1683 specie83
1955 1596 2194 1661 odores
2213 1578 2394 1661 enim

300 1717 539 1759 omnes
570 1695 901 1762 dimidiati
938 1698 1089 1761 sunt
1108 1698 1412 1784 generis3
1434 1708 1502 1761 et
1516 1697 1690 1764 nulli
1722 1698 1959 1786 speciei
2000 1697 2302 1783 obtingit,
2316 1718 2398 1761 ea

301 1795 778 1888 convenientia
794 1809 867 1863 ut
884 1797 1165 1865 odorem
1183 1799 1477 1885 aliquem
1494 1800 1754 1868 habeat.
1789 1800 1898 1864 sed
1921 1801 2177 1864 nostrae
2207 1798 2388 1864 circa

297 1898 469 1966 haec
482 1922 696 1966 venae
714 1902 797 1970 ad
820 1913 1045 1967 terrae
1070 1914 1137 1965 et
1161 1921 1638 1987 aquaegenera
1654 1926 1829 1990 angu
1840 1904 2080 1981 stim-ea,
2116 1898 2199 1963 ad
2228 1899 2398 1983 ignis

296 2026 463 2069 vero
533 2015 603 2068 et
665 2004 839 2072 aeris
901 2027 1152 2090 genera
1210 2002 1482 2069 latiores
1537 2002 1756 2070 factae
1806 2005 2009 2079 -sunt3
2077 2001 2398 2089 quocirca

300 2127 508 2171 nemo
548 2128 872 2192 umquam
890 2104 1100 2170 ullius
1126 2106 1378 2172 horum
1415 2105 1692 2172 odorem
1741 2108 2045 2195 percepit
2073 2106 2396 2191 aliquem,

297 2207 409 2271 sed
445 2209 713 2298 semper
740 2210 784 2273 fi
829 2206 1206 2278 madefacta
1234 2207 1746 2297 velputrefacta
1779 2211 1884 2274 vel
1903 2210 2270 2295 liquefacta
2285 2210 2397 2275 vel

296 2309 517 2376 suffita
547 2312 702 2380 sunt
728 2312 964 2379 odores
1004 2313 1354 2389 exfistunt3
1401 2331 1613 2396 quum
1654 2313 1837 2385 enim
1866 2336 2044 2398 aqua
2073 2315 2140 2378 in
2163 2313 2393 2378 aeirem

299 2425 367 2477 et
388 2414 506 2480 a‘e‘r
536 2415 606 2479 in
640 2438 881 2500 aquam
904 2413 1319 2488 mutatui-,in
1348 2412 1452 2476 his
1479 2414 1718 2481 mediis
1753 2409 2088 2494 exsistunt,
2108 2417 2396 2500 suntque

297 2518 532 2582 odores
579 2540 812 2583 omnes
855 2517 938 2581 ad
985 2539 1200 2581 unum
1247 2515 1481 2581 fumus
1527 2517 1637 2581 vel
1680 2515 1959 2597 nebula,
2022 2528 2092 2587 et
2139 2517 2396 2583 horum

287 2619 568 2705 ¹quidem
594 2614 773 2704 quod
809 2640 893 2683 ex
927 2613 1085 2683 aiire
1111 2620 1183 2684 in
1218 2640 1467 2705 aquam
1505 2617 1753 2685 transit
1775 2598 2045 2698 nebula,
2080 2619 2257 2707 quod
2276 2642 2397 2684 ve-

298 2744 383 2787 ro
439 2743 527 2785 ex
569 2741 745 2805 aqua
783 2719 856 2784 in
912 2729 1140 2789 aerem
1184 2720 1435 2790 fumus,
1476 2720 1692 2785 -unde
1732 2720 2073 2789 tenuiores
2119 2722 2393 2811 quidem

299 2846 551 2910 aquae,
612 2823 954 2891 crassiores
1002 2845 1167 2891 vero
1208 2824 1452 2899 odores
1499 2843 1734 2890 omnes
1775 2825 1929 2889 sunt
1963 2817 2164 2891 aeris.
2211 2826 2395 2913 quod

300 2929 574 3013 quidem
603 2925 1044 3017 perspicitur,
1090 2925 1400 3012 quando,
1444 2927 1488 2990 fi
1523 2926 1686 3012 quid
1718 2926 2233 3015 respirationem
2264 2927 2395 2996 ob·-

300 3030 532 3113 ssruit,
592 3025 903 3113 spiritum
941 3027 1031 3105 rvi
1077 3028 1149 3095 in
1180 3039 1246 3093 te
1278 3028 1608 3109 traxeris3
1667 3041 1815 3094 tum
1849 3030 2028 3095 enim
2049 3031 2221 3096 odor
2239 3026 2395 3114 qui·-

299 3133 454 3198 dem
493 3133 718 3199 nullus
747 3152 888 3197 una
918 3130 1436 3212 transfunditur,
1482 3132 1760 3213 spiritus
1788 3154 1956 3196 vero
1975 3132 2059 3197 ab
2078 3131 2395 3199 odoribus

298 3234 641 3301 destitutus
667 3233 841 3301 solus
871 3234 1193 3319 sequitur.
1258 3234 1435 3300 duae
1465 3233 1673 3320 igitur
1697 3233 1825 3301 hae
1862 3235 2135 3301 illorum
2163 3235 2395 3300 varie-

296 3347 465 3401 tates
496 3338 651 3401 sunt
693 3336 975 3405 nomine
1027 3347 1374 3416 carentes»,
1420 3358 1557 3401 non
1589 3358 1629 3403 e
1658 3336 1890 3403 multis
1921 3357 2142 3420 neque
2170 3355 2208 3397 e
2232 3337 2396 3399 fim-

300 3434 593 3524 plicibus
625 3437 963 3525 profectae
990 3437 1223 3503 formis
1242 3485 1262 3517 ‚
1296 3439 1417 3503 'sed
1447 3439 1789 3521 bifariam,
1834 3438 2057 3515 suavis
2079 3459 2237 3510 una,
2285 3436 2396 3500 al·-

302 3548 447 3601 tera
486 3537 744 3618 acerba,
786 3539 875 3602 ibi
909 3542 1092 3607 solae
1113 3541 1507 3630 conspicuae
1540 3543 1880 3617 dicuntur,
1918 3540 2082 3604 haec
2116 3537 2394 3623 quidem

297 3640 712 3727 exasperans
744 3642 1091 3713 etviolans
1119 3643 1565 3730 complexum,
1590 3655 1834 3723 totum,
1883 3638 1993 3729 qui
2019 3643 2197 3705 inter
2231 3664 2396 3706 ver-

304 3738 507 3809 tieem
555 3754 623 3806 et
672 3744 1070 3819 umbilicum
1119 3745 1531 3811 interiectu-⁴1.
1560 3747 1685 3827 est,
1735 3746 1848 3815 illa
1896 3765 2056 3810 vero
2099 3744 2393 3812 eundem

268 3843 496 3921 „hunc
522 3846 838 3934 mitigana
866 3846 1390 3934 iucundequein
1402 3850 1647 3921 statum
1677 3842 2395 3915 naturae'convenien-

310 3956 448 4013 tem
481 3949 845 4027 restituens.

458 4051 764 4121 Tertiam
811 4050 1073 4122 veroin
1130 4052 1337 4121 nobis,
1361 4061 1631 4142 partem
1668 4049 1993 4119 sentiendi
2026 4051 2092 4117 vi
2120 4051 2396 4143 praedi-
