2738 4600
1167 387 1171 391 Δ
1221 359 1732 432 -·(;ΜΤΙΑ5.ι
1798 313 1813 326 ’
2114 365 2117 366 ff
2379 366 2523 458 507·

419 558 458 601 a
501 530 787 623 privatis
833 527 1133 599 dedicata
1173 530 1458 601 inerant.
1488 513 1697 607 ,circa
1728 536 2074 625 templum
2118 534 2283 605 foris
2323 538 2509 607 ima-

418 638 606 725 gines
648 636 955 703 omnium
1003 636 1257 702 stabant
1308 659 1589 716 aureae,
1645 640 2015 706 mulierum
2069 640 2507 732 ipsorumque

418 740 536 828 qui
574 763 611 805 a
641 741 874 805 decem
908 739 1036 805 illis
1066 740 1336 826 regibus
1380 739 1510 805 orti
1543 752 1736 807 erant
1761 785 1780 815 ‚
1828 755 1898 809 et
1940 744 2154 809 multa
2201 745 2330 812 alia
2382 747 2509 812 do-

417 843 609 909 naria
649 865 897 929 magna
941 863 1183 930 regum
1234 854 1299 907 et
1340 842 1771 933 privatorum
1827 857 1967 912 tam
2016 870 2103 911 ex
2151 848 2293 936 ipsa
2337 849 2508 914 urbe

420 967 628 1030 quam
656 946 956 1012 externis
979 945 1369 1034 regionibus
1403 942 1647 1032 quibus
1681 946 2128 1035 imperabant.>
2189 965 2308 1016 ara
2346 974 2510 1017 ma·-

417 1048 776 1134 gnitudine
819 1061 887 1113 et
925 1049 1353 1128 confectione:
1405 1047 1565 1113 huic
1627 1053 1987 1139 apparatui
2038 1054 2506 1143 respondebat,

416 1154 715 1237 itemque
753 1151 936 1241 regia
971 1151 1377 1218 conveniens
1403 1161 1547 1215 erat
1570 1163 1715 1217 tam
1747 1154 2019 1243 imperii
2051 1157 2505 1243 magnitudini

418 1276 623 1339 quam
677 1254 916 1342 templi
956 1255 1250 1321 ornatui.
1308 1251 1611 1317 fontibus
1654 1277 1861 1340 porro
1904 1256 2317 1339 utebantur,
2366 1266 2505 1325 uno'

413 1353 737 1443 frigidae,
786 1357 1002 1422 altero
1042 1354 1297 1423 calidae
1332 1377 1576 1442 aquae.
1626 1358 2058 1446 copiofisfime
2103 1360 2501 1447 fluentibus,

418 1480 707 1545 quorum
738 1470 1023 1546 utraque
1064 1482 1238 1545 aqua
1264 1457 1734 1524 admirabilem
1764 1462 1850 1526 ad
1898 1463 2091 1527 usum
2124 1466 2507 1531 amoenita-

416 1573 557 1626 tem
588 1574 655 1626 et
683 1560 1058 1628 bonitatem
1087 1561 1399 1628 habebat.
1459 1560 1715 1625 circum
1757 1561 1880 1627 hos
1924 1557 2290 1651 posuerant
2324 1568 2507 1634 aedi-'-

417 1663 569 1730 ficia
600 1664 1008 1752 arboresque
1043 1670 1487 1732 conseverant
1525 1663 1716 1749 aquis
1754 1668 2263 1749 convenientes,
2309 1682 2373 1734 et
2396 1689 2508 1734 re-

418 1770 766 1857 ceptacula
795 1788 1067 1856 quoque
1106 1767 1236 1834 alia
1273 1764 1621 1848 subdialia,
1666 1768 1795 1833 alia
1830 1759 2129 1848 hiberna,
2147 1770 2375 1837 calidis
2401 1773 2506 1836 la-

416 1868 796 1938 vationibus
837 1870 1203 1936 servientia
1247 1877 1459 1957 eaque
1503 1877 1676 1935 tecta
1718 1872 2154 1939 circumcirca
2183 1873 2505 1960 fecerant,

418 1977 719 2041 seorsum
760 1974 985 2061 regia,
1031 1973 1326 2038 seorsum
1372 1972 1675 2060 priva-ta,
1720 1987 2070 2062 praeterea
2106 1975 2505 2041 mulieribus

419 2079 551 2143 alia
584 2076 882 2192 itemque
910 2075 1042 2143 alia
1086 2075 1275 2161 equis
1309 2069 1721 2160 reliquisque
1753 2075 2091 2155 iumentis,
2126 2091 2506 2143 accommo-

409 2181 649 2270 datum
667 2178 913 2264 cuique
930 2203 1008 2247 or
1010 2190 1244 2244 natum
1264 2188 1331 2241 tr
1334 2169 1661 2242 ibueutes.
1671 2199 1917 2264 aquam
1932 2202 2100 2246 vero
2117 2178 2512 2245 effluentem

417 2282 813 2351 derivabant
856 2279 928 2347 in
967 2280 1267 2369 Neptuni
1313 2281 1584 2361 lucum,
1641 2280 1716 2345 in
1765 2304 1900 2369 quo
1960 2281 2236 2350 arbores
2280 2271 2513 2349 variae

413 2385 988 2475 pulchritudinem
1020 2396 1083 2449 et
1111 2383 1540 2450 altitudinem
1577 2384 1935 2450 mirificam
1965 2399 2251 2474 propter
2283 2398 2425 2452 ter1
2428 2404 2506 2452 ae

419 2491 787 2558 bonitatem
823 2488 1182 2566 habentes,
1228 2484 1397 2550 etin
1442 2485 1638 2550 orbes
1678 2487 2039 2553 exteriores
2072 2511 2200 2579 -per
2236 2486 2503 2553 ‘eanales

412 2594 605 2660 iuxta
640 2603 881 2678 pontes
916 2583 1382 2655 deducebant.'
1420 2588 1536 2653 ubi
1573 2588 1780 2653 multa
1831 2591 2082 2678 templa
2126 2591 2504 2656 multorum

415 2698 735 2774 deorum,
824 2691 1023 2757 multi
1080 2711 1352 2777 quoque
1408 2691 1587 2755 horti
1649 2703 1716 2755 et
1775 2694 2118 2778 gymnasia
2175 2694 2505 2759 exstructa

417 2809 647 2878 erant,
694 2795 825 2862 alia
855 2792 1048 2858 vitot
1054 2814 1247 2872 um,
1251 2793 1384 2858 alia
1416 2815 1745 2878 equorum
1782 2793 2132 2859 seorsum
2110 2818 2183 2861 in
2213 2807 2517 2891 utraque

413 2901 686 2967 orbium
723 2898 972 2980 insula,
1017 2892 1381 2986 praecipue
1415 2918 1580 2961 vero
1612 2894 1685 2958 in
1715 2885 1940 2965 media
1982 2896 2199 2964 insula
2242 2900 2505 2965 maiore

416 3003 748 3080 eximium
784 2999 879 3067 eis
915 3010 1067 3068 erat
1100 3018 1436 3085 equorum
1472 2995 1929 3078 cuniculum,
1972 2998 2158 3064 stadii
2188 2990 2509 3069 latitudi-

391 3123 573 3171 ‘uem
607 3103 899 3187 habens,
943 3101 1433 3189 longitudinem
1475 3121 1635 3164 vero
1680 3097 1859 3163 circa
1893 3099 2128 3166 orbem
2169 3101 2505 3168 totumad

413 3206 758 3276 certamen
788 3204 1483 3292 equestre-demiffam.
1545 3199 1900 3265 satellitum
1943 3201 2118 3266 circa
2141 3201 2306 3268 illud
2339 3203 2503 3269 hino
2540 3278 2547 3283 ,

411 3313 734 3395 illincque
782 3306 1227 3372 habitationes
1282 3315 1476 3372 erant
1517 3326 1644 3393 pro
1691 3301 1997 3389 ipsorum
2039 3324 2389 3383 numer03‹
2430 3317 2501 3373 et

412 3410 823 3479 fidelioribus
850 3405 1118 3495 quidem
1148 3406 1221 3473 in
1250 3407 1518 3474 minore
1564 3403 1727 3469 orbe
1772 3425 1985 3490 eoque
2023 3408 2501 3494 propiore-ar-

416 3538 564 3581 cem
603 3513 791 3579 statio
838 3523 986 3577 erat
1024 3511 1366 3599 disposita,
1413 3508 1726 3596 quivero
1760 3528 1994 3573 omnes
2036 3506 2171 3574 fide
2203 3511 2500 3597 praesta-

413 3618 618 3692 bant,
662 3615 744 3681 iis
774 3615 1209 3681 intra'arcem
1242 3613 1423 3678 circa
1450 3630 1642 3696 reges
1670 3611 1842 3700 ipsos
1871 3611 2028 3677 data
2053 3623 2247 3677 erant
2271 3610 2500 3677 domi-.-

413 3714 588 3791 cilia.
655 3701 921 3784 navalia
963 3715 1357 3784 triremibus
1395 3711 1647 3781 referta
1694 3724 1890 3783 erant
1931 3714 2371 3800 omnibusque
2408 3715 2498 3785 ad

411 3820 721 3888 triremes
748 3818 1248 3910 pertinentibus
1287 3815 1773 3900 instrumentis,
1817 3837 1994 3902 quae
2036 3816 2310 3923 quidem
2338 3841 2497 3887 om—

1929 4225 2073 4290 U2
