2738 4600
1096 328 1598 398 TIMAEUS.
2256 334 2383 423 259

308 489 860 605 prudentia,haec
875 501 1101 568 'omnia
1118 503 1398 591 impleta
1416 505 1450 567 s
1448 511 1568 567 unt
1579 501 1908 577 carnibus,
1925 524 2386 592 quaecumque
2479 545 2487 552 a

314 622 539 675 autem
568 607 927 695 prudentia
954 607 1392 685 sunt‚minus,
1423 607 1537 672 nifi
1570 604 1748 670 forte
1783 615 2051 673 carnem
2087 609 2384 695 aliquam

314 713 527 800 ipsam
555 733 681 799 per
707 711 776 772 se
796 712 1105 775 sensuum
1135 711 1330 773 causa
1362 706 1604 773 alicubi
1631 709 1726 773 ita
1754 713 2138 789 construxit,
2154 725 2230 777 ut
2257 712 2386 777 lin·

314 836 488 900 guae
527 809 853 902 speciem3
895 811 1190 897 plurima
1235 834 1394 875 vero
1439 812 1551 876 illa
1577 810 1837 876 ratione
1862 811 2102 892 finxit3
2141 826 2388 879 natura

315 916 500 980 enim
543 938 697 978 cum
742 916 1110 981 necessitate
1153 925 1472 999 generata
1514 925 1581 978 et
1625 928 1937 997 concreta
1967 917 2153 981 nullo
2181 916 2383 983 modo

319 1018 598 1104 suscipit
634 1017 908 1081 densum
948 1039 1018 1082 os
1055 1019 1470 1103 multamque
1512 1040 1787 1083 carnem
1825 1040 1962 1083 una
2003 1038 2160 1083 cum
2200 1021 2389 1084 sensu

320 1132 520 1188 acute
555 1119 1004 1207 percipiente3
1062 1122 1365 1186 maxime
1397 1120 1579 1186 enim
1610 1122 1919 1186 omnium
1946 1121 2112 1186 haec
2156 1120 2389 1211 capitis

325 1222 714 1287 constructio
746 1220 1063 1302 haberet,
1107 1224 1154 1286 fi
1189 1246 1593 1289 concurrere
1617 1226 1812 1292 fimul
1844 1229 2122 1314 possent,
2163 1222 2392 1288 homi-

320 1347 622 1413 numque
668 1347 879 1411 genus
927 1328 1278 1390 carnosum
1320 1328 1517 1411 super
1546 1329 1612 1390 se
1639 1327 1892 1391 habens
1924 1339 1992 1391 et
2029 1329 2392 1391 nervosum

321 1425 763 1530 validqfnque
782 1438 987 1513 caput
1012 1426 1221 1492 vitam
1239 1441 1514 1493 nactum
1533 1415 1685 1494 effet
1698 1429 1914 1492 altero
1929 1439 2118 1492 tanto
2132 1428 2394 1493 multis-

321 1555 454 1618 que
471 1528 777 1620 partibus
796 1529 1183 1614 longiorem,
1202 1532 1530 1597 saniorem
1551 1542 1617 1594 et
1632 1529 1860 1594 dolore
1884 1528 2097 1615 magis
2110 1549 2387 1598 vacuam

303 1657 532 1720 ··quam
556 1652 727 1716 quae
757 1652 937 1696 nunc
959 1634 1080 1712 est3
1125 1655 1308 1699 nunc
1353 1657 1514 1699 vero
1546 1629 1809 1716 generis
1836 1631 2033 1695 nostri
2061 1629 2396 1695 effectori-

322 1736 486 1814 bus,
530 1756 738 1820 quum
781 1733 1115 1800 rationem
1151 1737 1473 1801 haberent
1504 1749 1733 1800 utrum
1769 1730 2152 1799 diuturnius
2203 1731 2397 1794 dete-

326 1838 604 1922 riusque
644 1858 729 1900 an
765 1835 1039 1903 brevius
1065 1838 1145 1903 ad
1178 1850 1444 1924 tempus
1474 1827 1727 1904 durans*
1750 1834 2131 1917 meliusque
2158 1832 2227 1897 id
2252 1834 2396 1898 red-

330 1940 602 2023 derent,
648 1937 997 2004 videbatur
1031 1940 1311 2027 longiori
1341 1940 1694 2027 viliorique
1727 1939 1908 2003 vitae
1953 1934 2223 1999 brevior
2252 1957 2399 1998 me·-

329 2043 595 2129 liorque
646 2040 833 2105 omni
885 2045 1157 2127 prorsus
1199 2044 1402 2109 modo
1464 2040 1934 2130 anteponenda
1986 2043 2150 2118 effe3
2203 2059 2398 2122 quo-

333 2144 510 2208 circa
539 2166 694 2209 raro
728 2143 1002 2228 quidem
1030 2150 1197 2220 offe,
1234 2146 1435 2212 nullis
1466 2168 1631 2210 vero
1664 2142 1976 2210 carnibus
2006 2162 2130 2203 nec
2160 2138 2398 2204 nervis

334 2242 829 2334 caput,quippe
863 2244 1190 2313 flexiones
1229 2271 1361 2312 non
1394 2247 1671 2328 habens,
1688 2243 2115 2313 obtexerunt.
2164 2261 2397 2306 omnes

217 2424 236 2445 x
331 2349 538 2434 igitur
565 2348 685 2412 has
713 2349 795 2412 ob
821 2353 1043 2417 causas
1074 2353 1156 2438 ad
1190 2354 1449 2416 sensum
1490 2351 1757 2438 quidem
1792 2346 2117 2413 valentius
2147 2357 2212 2408 et
2240 2367 2400 2431 pru-

336 2448 639 2529 dentiae,
682 2453 899 2516 multo
931 2464 1159 2518 autem
1205 2455 1597 2519 imbecillius
1636 2451 1952 2535 cuiusque
1990 2448 2125 2512 viri
2155 2469 2400 2532 corpo-

335 2553 397 2616 ri
427 2554 795 2639 appofitum
825 2557 925 2623 est
951 2568 1171 2642 caput.
1246 2580 1494 2621 nervos
1541 2566 1769 2620 autem
1806 2546 1982 2616 hane
2016 2549 2107 2613 ob
2141 2550 2402 2614 causam

340 2665 409 2718 et
438 2653 533 2718 ita
568 2654 731 2717 deus
755 2666 1065 2719 extremo
1092 2657 1289 2743 capiti
1314 2657 1737 2722 circumiecit
1764 2667 1833 2718 et
1860 2653 1934 2717 in
1963 2652 2197 2717 orbem
2228 2651 2403 2717 circa

339 2757 589 2821 collum
632 2758 1072 2842 agglutinavit
1116 2760 1528 2842 aequaliter,
1579 2771 1651 2822 et
1697 2757 2008 2822 maxillas
2076 2767 2403 2820 extremas

337 2881 497 2925 cum
537 2859 618 2925 iis
663 2859 1003 2945 colligavit
1033 2860 1154 2924 sub
1191 2874 1500 2927 naturam
1534 2864 1803 2942 vultus3
1846 2860 2143 2944 reliquos
2176 2858 2404 2925 omnia

333 2984 461 3050 per
501 2961 809 3027 membra
840 2963 1159 3050 dispersit,
1206 2967 1528 3051 copulans
1544 2964 1903 3031 articulum
1924 2962 2403 3027 cumartieulm

334 3066 558 3149 Atque
590 3063 725 3128 oris
755 3066 954 3129 nostri
991 3066 1132 3131 vim
1177 3066 1487 3132 dentibus
1518 3081 1584 3133 et
1615 3067 1842 3153 lingua
1874 3077 1947 3129 et*
1968 3063 2156 3130 labiis
2185 3062 2405 3126 neces·-

271 3192 280 3200 ·
336 3166 663 3236 satiatum
710 3168 1252 3255 optimatumque
1299 3193 1535 3235 rerum
1580 3171 1770 3234 causa
1821 3168 2239 3232 adornarunt
2291 3161 2405 3248 qui

337 3291 461 3332 nos
489 3264 1026 3344 adornaverunt,
1067 3273 1230 3336 ficut
1262 3296 1443 3337 nunc
1482 3270 1788 3357 dispofita
1822 3272 2007 3346 sunt,
2049 3264 2405 3329 introitum

341 3370 610 3455 quidem
658 3373 1162 3439 neceffariarum
1207 3396 1437 3438 rerum
1477 3373 1668 3438 causa
1697 3368 2103 3448 machinati,
2147 3366 2406 3449 enitum

341 3492 513 3535 vero
548 3473 957 3559 optimarum
994 3479 1215 3546 causa3
1250 3477 1505 3541 etenim
1522 3475 1957 3540 neceffarium
1974 3472 2061 3534 est
2084 3467 2407 3552 quicquid

338 3572 555 3640 intrat
579 3574 970 3640 alimentum
1009 3568 1337 3663 §racbens
1366 3579 1670 3667 corpori,
1714 3570 2037 3640 sermonis
2066 3591 2232 3632 vero
2273 3566 2411 3633 flu-

340 3699 506 3741 men
555 3675 723 3741 foris
771 3699 1051 3744 manans
1098 3682 1530 3764 serviensque
1574 3676 1973 3767 prudentiae
2021 3669 2411 3759 pulcherri-

341 3800 537 3844 mum
572 3792 638 3843 et
677 3780 1004 3867 optimum
1045 3785 1346 3848 omnium
1377 3781 1758 3846 fluminum.
1848 3774 2067 3862 Caput
2095 3794 2254 3836 vero
2279 3796 2410 3837 ne·-

344 3903 473 3965 que
508 3885 758 3946 osseum
806 3886 1277 3949 tantummodo
1319 3886 1584 3949 nudum
1618 3877 1911 3960 relinqui
1961 3885 2217 3963 poterat
2243 3898 2410 3963 pro-

341 3991 496 4069 pter
539 3980 694 4046 anni
741 3992 1047 4072 tempora
1084 4010 1258 4073 quae
1300 3988 1372 4052 in
1414 3996 1779 4067 utramque
1819 3990 2085 4069 partem
2126 3979 2410 4042 modum

341 4079 534 4148 facile
574 4094 956 4166 transeunt,
1005 4112 1223 4177 neque
1269 4091 1469 4157 etiam
1504 4083 1750 4171 negligi
1796 4080 2186 4171 obvolutum
2215 4081 2306 4144 ita
2331 4088 2410 4141 ut
