2738 4600
1098 287 1539 357 POLITIA
1580 288 1661 356 X
2165 232 2172 240 ·
2260 293 2383 362 105

286 465 511 536 animi
531 463 762 534 habitu
789 460 1301 548 qualiscumque
1329 463 1421 527 est
1452 460 1614 525 mali
1641 471 1760 535 aut
1792 459 1958 539 boni
1990 460 2269 565 efficiat,
2312 476 2386 534 et

224 558 225 565 ἵ
293 571 459 657 quid
494 565 750 657 generis
780 565 1096 654 splendor
1130 576 1247 629 aut
1281 563 1665 641 humilitate,
1707 566 1841 631 vita
1870 567 2126 653 privata
2158 580 2225 632 et
2252 568 2378 638 im·
2473 560 2478 577 ’

287 673 510 764 peria,
557 671 774 737 robur
814 680 880 734 et
922 666 1386 745 imbecillitas»,
1430 666 1777 756 ingenium
1822 668 2035 768 docile
2074 680 2140 735 et
2176 670 2381 735 indo·-

285 777 409 843 cile
433 773 800 860 omniaque
840 770 1139 837 eiusdem
1171 772 1438 858 generis
1479 794 1654 857 quae
1702 771 1815 838 vel
1861 783 2100 837 natura
2127 772 2376 839 animo

281 880 524 945 inhae1
528 890 639 944 ent
667 878 776 949 vel
803 875 1274 962 acquiruntur,
1294 876 1451 963 quid
1481 876 1687 965 igitur
1717 875 1880 940 haec
1908 874 2093 943 inter
2118 876 2181 939 se
2203 899 2375 940 con·-

280 982 447 1048 flata
474 980 799 1061 efficiant,
841 992 919 1044 ut
951 1002 1043 1044 ex
1076 979 1391 1045 omnibus
1417 981 1553 1046 illis
1588 978 1906 1063 colligens
1942 976 2193 1063 eligere
2219 977 2376 1063 pos-

282 1087 381 1160 fit,
414 1085 495 1150 ad
528 1085 741 1151 animi
775 1095 1084 1150 naturam
1110 1082 1876 1171 spectans,'deteriorem
1907 1103 1988 1147 ac
2019 1078 2375 1148 meliorem

281 1186 528 1267 vitam,
573 1187 979 1253 deteriorem
1011 1186 1280 1272 quidem
1311 1210 1560 1253 vocans
1591 1210 1763 1275 quae
1795 1185 2032 1273 ipsum,
2057 1206 2136 1248 eo
2169 1182 2376 1247 ducat

279 1301 357 1355 ut
384 1289 687 1362 iniustior
719 1289 1358 1369 exfistat,meliorem
1387 1303 1609 1359 autem
1644 1310 1817 1374 quae
1834 1287 2171 1355 iustiorem
2208 1307 2371 1352 eum

277 1393 552 1467 reddat,
598 1393 865 1476 reliqua
900 1415 1072 1457 vero
1097 1393 1323 1457 omnia
1355 1396 1536 1459 miffa
1578 1391 1818 1470 faciat3
1859 1390 2152 1465 vidimus
2180 1384 2370 1453 enim

278 1496 455 1563 hanc
502 1510 644 1563 tam
691 1497 954 1563 viventi
981 1518 1183 1585 quam
1228 1507 1502 1560 mortuo
1547 1498 1874 1584 optimam
1918 1497 2046 1565 effe
2090 1489 2370 1557 electio-

275 1621 461 1664 nem.
504 1598 880 1665 firm'issime
910 1601 1114 1687 igitur
1147 1620 1303 1665 eum
1337 1611 1605 1686 oportet
1631 1600 1807 1665 hanc
1833 1594 2226 1665 sententiam
2257 1606 2369 1657 te·-

274 1713 561 1767 nentem
600 1700 685 1766 ad
723 1699 974 1767 inferos
1007 1701 1233 1775 abire,
1278 1709 1355 1763 ut
1393 1700 1490 1764 ibi
1532 1723 1802 1785 quoque
1846 1721 2075 1783 neque
2116 1695 2368 1771 divitiis

272 1825 525 1890 neque
522 1804 682 1870 aliis
718 1803 1108 1869 huiusmodi
1137 1801 1331 1866 malis
1373 1801 1843 1888 perturbetur,
1886 1822 2016 1863 nec
2062 1797 2369 1867 incidens

270 1907 341 1972 in
373 1906 776 1994 tyrannides
807 1905 1110 1988 aliasque
1141 1900 1789 1968 eiusmodiactioneo
1816 1902 2033 1969 multa
2052 1899 2369 1966 commit-

269 2019 372 2072 tat
398 2006 802 2072 insanabilia
834 2004 1174 2084 sacinora,
1221 2016 1420 2090 atque
1449 2005 1652 2071 etiam
1697 1992 1955 2071 maiora
1979 2004 2120 2092 ipse
2146 2002 2367 2090 patia-

268 2122 424 2189 tur,
457 2108 569 2172 sed
603 2106 928 2191 intelligat
952 2107 1244 2175 mediam
1275 2109 1538 2194 semper
1571 2109 1816 2177 harum
1851 2107 2064 2181 vitam
2099 2106 2363 2193 eligen-

270 2212 430 2279 dam
463 2223 530 2276 et
560 2210 880 2294 fugienda
911 2215 1036 2275 esse
1059 2213 1328 2296 quaein
1357 2205 1755 2277 alterutram
1782 2221 2044 2298 partem
2075 2211 2359 2276 modum

268 2314 600 2380 excedant
638 2328 705 2378 et
732 2313 804 2378 in
843 2313 1044 2380 hacce
1089 2314 1232 2378 vita
1262 2314 1491 2402 ,quoad
1539 2314 1686 2379 eius
1734 2312 1882 2380 fieri
1923 2313 2122 2399 posfit
2168 2324 2236 2376 et
2281 2311 2362 2386 in

271 2417 454 2483 omni
482 2419 779 2505 postera3
820 2417 919 2481 ita
952 2417 1132 2484 enim
1166 2417 1567 2482 beatiffitnus
1592 2417 1828 2480 extistit
1859 2416 2091 2479 hom0.

438 2521 664 2603 Atque
693 2523 894 2593 etiam
921 2531 1072 2584 tum
1117 2520 1404 2590 nuncius
1450 2519 1637 2584 istinc
1684 2516 1962 2590 veniens
2008 2513 2358 2585 nunciavit

267 2633 496 2687 vatem
529 2622 694 2685 haec
733 2618 999 2686 dixiffe.
1045 2622 1269 2687 Etiam
1301 2624 1630 2707 'postremo
1668 2620 2051 2701 accedenti,
2096 2621 2142 2683 fi
2171 2641 2286 2708 pl
2262 2642 2346 2682 u-

268 2725 512 2789 denter
558 2722 740 2807 eligit
776 2734 845 2788 et
885 2733 1193 2791 contente
1235 2721 1437 2796 vivit,
1493 2725 1828 2811 propofita
1873 2725 1961 2789 est
1997 2723 2137 2787 vita
2178 2744 2353 2808 pro-

266 2826 453 2908 bata,
497 2848 639 2891 non
673 2826 872 2892 mala.
917 2847 1142 2910 neque
1174 2825 1292 2910 qui
1324 2825 1564 2930 incipit
1589 2825 1980 2892 electionem
2010 2825 2347 2910 negligens

267 2932 393 2994 esto
419 2951 637 3013 neque
662 2927 779 3014 qui
806 2949 959 2996 eam
987 2926 1138 2992 finit
1165 2921 1533 3018 desperato,
1603 2928 1799 3017 Quae
1827 2952 2039 3015 quum
2074 2929 2346 3010 dixisset,

267 3055 422 3104 eum
455 3030 572 3116 qui
602 3030 866 3146 primus
900 3031 1145 3097 sortem
1179 3032 1467 3099 duxifl'et
1503 3033 1811 3112 narravit
1850 3034 2061 3097 statim
2100 3053 2348 3118 proce-

266 3134 537 3199 dentem
570 3133 941 3200 maximam
968 3134 1233 3220 elegisse
1253 3135 1730 3222 tyrannidem,
1775 3146 1843 3199 et
1864 3157 2027 3223 prae
2059 3133 2345 3198 demen-

264 3238 355 3303 tia
382 3249 587 3321 atque
626 3236 983 3304 insatiabili
1023 3236 1387 3328 cupiditate
1413 3260 1551 3323 non
1592 3237 1820 3302 omnia
1858 3240 2009 3303 satis
2040 3257 2343 3325 perpen-

263 3340 536 3404 dentem
566 3361 714 3402 eam
749 3336 1046 3422 elegisse,
1089 3339 1202 3406 sed
1238 3339 1468 3427 fugisse
1504 3362 1662 3414 eum
1705 3340 1832 3406 hoc
1867 3339 2077 3407 fatum
2115 3335 2335 3408 inesse,

212 3495 218 3504 .
262 3452 358 3507 ut
368 3441 521 3504 suos
559 3440 698 3526 ipse
737 3438 982 3506 liberos
1018 3454 1298 3508 voralet
1328 3442 1592 3530 aliaque
1628 3442 1933 3510 facinma
1968 3435 2338 3505 committe-

260 3554 406 3617 ret3
450 3540 569 3608 ubi
614 3565 775 3607 vero
811 3565 929 3627 per
976 3545 1188 3612 otium
1234 3547 1718 3634 perpenderet,
1765 3543 1992 3635 plangi
2034 3551 2102 3604 et
2144 3538 2338 3623 queri

262 3646 347 3711 de
381 3643 708 3710 electione
735 3647 912 3731 quod
932 3670 1085 3716 non
1121 3648 1521 3717 observaffet
1548 3672 1587 3713 a
1616 3661 1766 3712 vate
1793 3644 2163 3740 praedicta3
2208 3664 2336 3705 ne·-

262 3770 394 3833 que
424 3749 615 3814 enim
641 3745 758 3812 fibi
786 3750 1046 3816 causam
1073 3752 1439 3818 attribuere
1469 3753 1842 3828 malorum,
1871 3747 1998 3822 sed
2020 3744 2335 3816 fortunae

263 3863 330 3913 et
362 3850 574 3937 geniis
603 3827 1047 3939 omnibusque
1071 3854 1296 3939 potius
1319 3876 1522 3939 quam
1538 3852 1671 3918 fibi.
1702 3829 1891 3916 suiffe
1921 3861 2149 3916 autem
2176 3872 2332 3915 eum

261 3972 346 4014 ex
371 3950 500 4014 illis
544 3951 662 4039 qui
698 3976 735 4018 e
774 3957 954 4022 caelo
987 3957 1341 4033 venissent,
1393 3969 1461 4021 et
1492 3955 1561 4018 in
1599 3952 1865 4017 civitate
1892 3953 2065 4018 bene
2086 3955 2334 4020 consti-

261 4063 407 4119 tuta
436 4043 666 4143 prioie
685 4056 759 4124 in
788 4058 932 4126 vita
961 4057 1220 4144 vixisse,
1245 4054 1728 4146 consuetudine
1753 4059 1887 4125 fine
1912 4055 2333 4147 philosophia
