2738 4600
1022 332 1463 428 PoeriA
1506 334 1637 437 1x
1691 324 1694 327 ’
2262 336 2374 453 ..⁵7

272 508 626 582 simulacro
655 505 950 573 Graecos
985 506 1069 571 ad
1105 498 1387 572 Troiam
1424 480 1820 575 Sit-sicherus
1848 509 1944 578 ait
1981 508 2189 576 armis
2221 532 2378 575 cer-

164 634 169 641 ¹
277 615 437 676 taffe
476 621 755 697 propter
801 632 1000 673 verae
1039 609 1581 697 ignorationem?
1637 614 1915 681 Prorsus
1955 617 2211 681 necesse
2256 613 2370 693 est,

274 713 527 800 inquit,
571 712 702 777 hoc
744 713 833 778 ita
868 713 934 774 fe
977 711 1257 777 habere.

443 815 637 905 Quid
700 815 907 881 vero?
975 817 1058 880 ad
1105 815 1503 884 iracundam
1560 819 1769 884 animi
1821 829 2085 907 partem
2143 838 2370 883 nonne

272 918 514 983 eadem
571 918 880 983 accidant
944 924 1201 985 necefl‘e
1252 922 1342 986 est
1401 923 1461 985 ei
1506 921 1623 1008 qui
1685 922 1887 988 huius
1946 921 2147 1004 ipfiua
2201 923 2369 986 defi-

266 1020 542 1107 &rium
599 1023 835 1109 explet
896 1023 1005 1088 vel
1049 1022 1312 1088 invidia
1366 1037 1644 1114 propter
1701 1023 1976 1089 honoris
2027 1020 2370 1111 cupidita-

268 1136 406 1189 tem
449 1125 562 1190 vel
601 1124 676 1188 vi
709 1135 992 1214 propter
1049 1127 1500 1192 contentionis
1548 1128 1852 1193 studium·
1880 1129 1992 1193 vel
2051 1127 2155 1191 ira
2204 1149 2370 1212 pro-

269 1238 422 1314 pter
459 1229 939 1302 morositatem,
1005 1229 1462 1314 expletionem
1512 1229 1784 1296 honoris
1827 1242 1893 1294 et
1934 1227 2253 1294 victoriae
2299 1238 2370 1292 et

151 1334 158 1340 “
269 1328 662 1404 iracundiae
706 1331 960 1395 sectans
1008 1335 1139 1396 fine
1191 1331 1457 1395 ratione
1497 1355 1574 1397 ac
1619 1331 1897 1397 mente?
1971 1333 2185 1409 Haec,
2255 1331 2391 1421 iri--

273 1430 456 1516 quit,
505 1431 710 1497 etiam
741 1434 835 1498 isti
866 1428 1041 1520 parti
1079 1434 1392 1525 accidant·
1420 1432 1673 1500 necesse
1702 1438 1806 1502 est.
1897 1435 2082 1521 Quid
2111 1429 2366 1521 igitur?

272 1532 588 1619 inquam:
634 1535 1010 1601 fidente-me
1042 1536 1341 1603 dicamus
1368 1537 1567 1604 etiam
1597 1562 1760 1624 quas
1789 1538 1959 1604 lucri
1985 1549 2054 1601 ,et
2079 1547 2367 1602 conten·-

274 1635 477 1701 tionis
520 1638 805 1705 studium
833 1641 1077 1705 habeat
1102 1641 1543 1727 cupiditates,
1598 1643 1643 1706 fi
1677 1640 2015 1706 scientiam
2056 1652 2117 1703 et
2149 1638 2365 1705 ratio-

271 1762 434 1804 nem
463 1740 807 1827 sequentes
838 1743 1080 1829 hisque
1111 1742 1587 1807 adiuvantibus
1627 1745 2009 1829 voluptates
2045 1748 2369 1830 appetant

273 1866 312 1906 a
342 1843 707 1930 prudentia
742 1846 1182 1932 praescriptas
1211 1864 1457 1926 easque
1479 1845 1948 1926 assequantur,
2005 1855 2073 1906 et
2110 1842 2369 1907 veriffi-

272 1969 422 2011 mas
483 1951 609 2012 effe
667 1948 1181 2029 assequuturas‚
1259 1964 1464 2024 quam
1520 1942 1819 2007 maxime
1879 1945 2119 2031 poffint
2174 1964 2370 2008 veras

274 2048 577 2131 assequi,
637 2044 888 2131 quippe
927 2066 1099 2128 quae
1144 2045 1491 2109 veritatem
1523 2046 1926 2129 sequantur,
1976 2058 2044 2110 et
2072 2046 2185 2111 fibi
2216 2045 2362 2132 ipfis

272 2147 624 2237 propriaS,
681 2145 1029 2230 siquidem,
1091 2147 1266 2232 quod
1312 2147 1648 2233 optimum
1700 2147 1977 2233 cuique,
2037 2147 2108 2213 id
2156 2144 2368 2213 etiam*

270 2248 585 2319 maxime
614 2248 965 2336 proprium
996 2250 1127 2314 est?
1170 2249 1347 2317 Sane
1377 2249 1650 2335 quidem
1678 2298 1695 2330 ‚
1740 2249 2002 2338 inquit,
2061 2249 2361 2315 maxime

245 2352 627 2452 'proprium
661 2354 767 2417 est.
857 2352 1327 2438 Philosopham
1367 2352 1576 2438 igitur
1625 2365 1886 2440 partem
1944 2355 1988 2418 fi
2017 2351 2364 2421 universus

272 2456 540 2521 animus
576 2454 876 2539 sequitur
920 2478 1046 2520 neo
1093 2454 1387 2531 dissidet,
1447 2453 1694 2540 cuique
1735 2454 1910 2540 parti
1951 2453 2241 2537 obtingit
2282 2464 2364 2517 ut

276 2560 347 2626 in
382 2558 652 2642 reliquis
687 2555 891 2621 rebus
916 2555 1115 2623 faciat
1149 2550 1325 2640 quod
1358 2555 1554 2620 suum
1596 2558 1684 2619 est
1728 2567 1793 2620 et
1823 2558 1984 2621 iusta
2017 2558 2113 2635 fit,
2157 2566 2363 2641 atque

276 2660 478 2726 etiam
509 2661 656 2722 {uas
688 2681 996 2743 quaeque
1021 2659 1397 2744 voluptates
1439 2677 1684 2740 easque
1724 2659 2015 2744 optimas
2047 2670 2116 2724 et
2154 2682 2364 2744 quam

273 2763 473 2852 possit
500 2759 862 2826 verissimas
895 2758 1235 2849 percipiat.
1321 2757 1735 2827 Admodum.
1822 2760 1945 2828 Sin
1968 2773 2196 2836 autem
2230 2763 2363 2828 alia

277 2888 447 2951 quae
480 2886 636 2951 pars
667 2862 980 2950 imperat,
1027 2861 1256 2928 evenit
1279 2861 1341 2925 ei
1375 2874 1448 2925 ut
1478 2883 1700 2947 neque
1729 2865 1912 2931 suam
1941 2864 2355 2952 voluptatem

274 2968 566 3054 reperiat
598 2976 665 3029 et
694 2976 950 3028 ceteras
979 2977 1170 3051 cogat
1192 2965 1479 3030 alienam
1506 2988 1632 3029 nec
1660 2989 1889 3032 veram
1910 2967 2147 3033 seciani
2177 2968 2363 3030 volu-

272 3083 554 3158 ptatem.
644 3068 778 3147 Ita,
831 3065 1077 3152 inquit.
1167 3067 1406 3132 Nonne
1442 3090 1613 3154 quae
1640 3068 2010 3156 longissime
2055 3094 2095 3134 a
2132 3068 2363 3157 philo-

273 3170 505 3257 sophia
544 3181 607 3234 et
630 3172 889 3236 ratione
933 3170 1207 3250 absunt,
1264 3170 1569 3235 maxime
1615 3170 1746 3254 hoc
1789 3172 2126 3238 efficient?
2184 3171 2363 3239 Sane

245 3274 579 3360 quidem.
635 3271 1034 3358 Longiffime
1064 3269 1227 3336 vero
1254 3296 1293 3338 a
1317 3272 1583 3337 ratione
1616 3296 1844 3348 nonne
1874 3275 1940 3339 id
1974 3276 2150 3341 abest
2180 3273 2365 3358 quod

277 3398 318 3440 a
348 3374 492 3457 lege
524 3386 590 3437 et
617 3373 1105 3439 ordineabest?
1148 3377 1358 3441 Patet.
1421 3375 1510 3441 Et
1537 3390 1847 3464 repertae
1880 3382 2032 3443 sunt
2061 3376 2364 3450 maxime

280 3476 590 3541 distantes
639 3497 864 3541 nonne
922 3476 1294 3543 amatoriae
1337 3486 1406 3540 et
1461 3465 1860 3563 tyrannicae
1913 3475 2363 3563 cupiditates?

278 3578 460 3647 Sane
491 3577 816 3663 quidem.⁴
870 3580 1156 3646 Minime
1189 3603 1355 3645 vero
1388 3579 1609 3665 regiae
1643 3594 1710 3646 et
1740 3579 2174 3645 moderatae?
2227 3576 2368 3643 Mi-

277 3682 466 3748 nime
494 3703 676 3745 vero.
761 3682 1172 3769 Longisfime'
1192 3683 1435 3769 igitur,
1483 3696 1559 3754 ut
1587 3681 1865 3769 opinor,
1908 3705 1947 3745 a
1976 3683 2369 3747 veraffvolu-

278 3796 464 3871 ptate
511 3794 580 3845 et
618 3785 898 3872 propria
938 3799 1274 3873 tyrannus
1318 3785 1563 3865 aberit,
1624 3786 1737 3849 ille
1761 3796 2002 3849 ‘contra
2034 3785 2365 3873 proxime.

278 3886 546 3954 Necesse
586 3887 690 3951 est.
791 3887 1334 3955 Iniucundisfime
1395 3910 1588 3973 ergo5
1633 3887 1973 3970 inquam,
2040 3902 2369 3977 tyrannus

277 3988 496 4067 vivet,
568 4011 695 4053 rex
740 4001 971 4055 autem
1031 3990 1521 4056 iucundisfime.
1624 3989 1907 4055 Prorsus
1958 3999 2204 4059 neceffe
2256 3994 2367 4056 est.

276 4090 457 4159 Scin’
484 4093 716 4179 igitur,
745 4092 1048 4182 inquam,
1092 4105 1342 4182 quanto
1374 4092 1801 4162 iniucundius
1828 4093 2018 4188 vivat
2042 4107 2369 4183 tyrannus

1707 4373 1746 4401 N
