2738 4600
1125 343 1641 416 TIMAEUS.
2289 369 2413 438 227
2488 309 2495 314 '

339 524 433 592 ris
458 504 793 589 domicilio
821 519 1108 587 mortale
1127 565 1145 592 ,
1185 520 1470 596 limitem
1500 532 1566 584 et
1603 518 1977 586 terminum
2021 524 2416 589 construen-

338 640 437 692 tes
456 629 626 690 inter
642 637 847 713 caput
876 634 941 688 et
965 623 1218 709 pectus',
1244 616 1572 688 cervicem
1602 623 2125 710 interponente-3,
2147 638 2221 689 ut
2239 629 2415 702 seor·
2444 671 2447 674 >

337 729 482 793 sum
516 730 689 794 ess'et.
710 729 783 791 in
810 736 1079 813 pectore
1096 724 1305 808 igitur
1336 741 1402 790 et
1431 726 1708 790 thorace
1722 727 1839 811 qui
1861 725 2107 792 dicitur
2120 729 2413 794 mortale

338 831 552 894 animi
580 852 789 916 genus
834 830 1191 914 illigarunt.
1241 840 1306 894 et
1349 831 1510 917 quia
1549 850 1683 893 una
1728 830 1869 893 eius
1905 853 2064 915 pars
2107 833 2414 907 meliore,

336 933 548 997 altera
577 933 897 998 deteriore
942 934 1031 998 est
1061 943 1337 1011 natura,
1388 932 1781 1018 separarunt
1812 932 2081 1017 quoque
2127 934 2415 998 thoracis

340 1036 779 1121 complexum
819 1034 1285 1121 distinguentes
1325 1035 1504 1097 velut
1549 1056 1764 1099 unum
1802 1037 2171 1101 mulierum
2217 1025 2282 1098 et
2309 1036 2416 1100 al-

341 1148 578 1202 terum
614 1138 917 1201 virorum
963 1139 1333 1222 separatum
1372 1135 1828 1220 d'omicilium3
1873 1123 2268 1224 praecordia
2308 1138 2415 1201 se-

337 1249 531 1326 ptum
563 1238 636 1302 in
668 1240 891 1306 medio
920 1236 1158 1303 eorum
1189 1251 1536 1324 ponentes·
1597 1264 1747 1305 eam
1776 1240 1984 1327 igitur
2009 1241 2222 1307 animi
2249 1264 2415 1329 par-

337 1353 472 1406 tem
505 1362 679 1427 quae
712 1340 1129 1408 fortitudinis
1160 1350 1225 1400 et
1248 1338 1389 1402 irae
1417 1362 1691 1428 compos
1724 1339 1830 1423 est,
1853 1343 2103 1430 quippe
2128 1356 2418 1408 conten-

335 1443 530 1507 tionis
574 1466 805 1507 amans
829 1489 847 1516 ‚
893 1442 1307 1506 collocarunt
1333 1443 1610 1529 propius
1638 1457 1839 1532 caput
1877 1447 2057 1509 inter
2089 1445 2416 1531 praecor-

338 1544 447 1608 dia
479 1555 544 1606 et
577 1543 928 1621 cervicem,
973 1555 1047 1608 ut
1073 1544 1320 1608 rationi
1353 1545 1671 1609 obediens
1695 1568 1832 1609 una
1859 1569 2013 1610 cum
2045 1548 2162 1612 illa
2190 1548 2260 1612 v‘i
2288 1570 2417 1611 cu·-

251 1665 254 1668 ’
336 1646 699 1737 piditaturn
743 1668 953 1731 genus
980 1646 1341 1726 cohiberet,
1391 1648 1659 1732 quando
1684 1649 2000 1713 mandato
2034 1662 2099 1712 et
2125 1648 2416 1713 orationi

341 1771 429 1812 ex
457 1770 609 1812 arce
646 1747 903 1814 delatae
940 1749 1123 1814 nullo
1162 1751 1366 1814 modo
1400 1752 1862 1815 vellentultro
1890 1773 2146 1836 parere.
2193 1753 2415 1833 Atque

340 1872 487 1927 cor,
524 1851 840 1926 ‚radicem
891 1874 1222 1917 venarum
1274 1868 1340 1917 et
1383 1853 1644 1919 sontem
1673 1854 2000 1940 sanguinis
2033 1875 2156 1940 per
2185 1852 2416 1916 omnia

337 1953 646 2020 membra
679 1957 809 2019 cito
848 1954 1398 2032 circumfluentia,
1430 1959 1499 2022 in
1527 1947 1884 2021 satellitum
1917 1955 2251 2019 domicilio
2271 1954 2415 2018 col-

336 2058 667 2137 locarunt,
715 2070 815 2137 ut,
845 2058 1112 2141 quando
1144 2060 1645 2123 excandesceret
1657 2058 1801 2122 irae
1829 2059 1932 2122 vis
1961 2043 2218 2121 ratione
2232 2080 2415 2121 nun-

341 2160 559 2224 ciante
593 2159 907 2223 iniustum
953 2160 1036 2223 ab
1080 2160 1302 2245 aliquo
1338 2162 1663 2245 committi
1706 2160 1969 2224 facinus
2006 2160 2413 2224 extrinsecus

335 2261 446 2326 vel
479 2257 683 2325 etiam
717 2284 756 2326 a
793 2260 1267 2376 cupiditatibus
1295 2266 1498 2342 intua,
1545 2266 1850 2332 celeriter
1881 2285 2008 2352 per
2036 2286 2269 2329 omnes
2285 2284 2412 2363 an-

335 2365 566 2450 gustias
588 2413 606 2444 ‚
652 2362 1015 2448 quicquid
997 2388 1066 2428 m
1097 2389 1379 2452 corpore
1407 2367 1736 2430 sentiendi
1764 2367 1901 2429 vim
1930 2366 2245 2439 haberet,
2292 2386 2413 2427 co-
2508 2400 2513 2405 ·

332 2467 745 2531 hortationes
776 2479 844 2529 et
875 2467 1087 2530 minas
1118 2471 1528 2554 peicipiems,
1576 2468 1807 2532 obedi1
1811 2479 1896 2545 et,
1945 2460 2143 2552 plane
2171 2468 2412 2550 seque-

335 2578 527 2632 retur
571 2580 636 2628 et
673 2565 1002 2654 optimum
1046 2569 1137 2631 ita
1184 2570 1257 2634 in
1314 2570 1394 2634 iis
1437 2569 1748 2635 omnibus
1770 2570 2108 2655 imperare
2152 2570 2409 2632 fineret.

333 2672 442 2736 De
476 2669 696 2733 cordis
731 2680 958 2732 autem
995 2671 1440 2756 trepidatione
1459 2673 1526 2737 in
1554 2694 1785 2739 rerum
1824 2669 2410 2733 formidolosarum

335 2771 840 2857 exspectatione,
860 2771 1138 2857 iraeque
1166 2774 1584 2853 excitatione,
1626 2764 2137 2861 praesentientes
2168 2771 2314 2834 fore
2338 2781 2412 2833 ut

332 2897 461 2963 per
507 2873 729 2956 ignem
778 2873 997 2939 omnis
1044 2874 1372 2939 eiusmodi
1418 2887 1643 2942 tumor
1690 2879 2023 2941 exsisteret
2055 2873 2412 2937 iracundia

332 2976 934 3052 inflammatorum‚
953 2977 1283 3078 auxilium
1312 2981 1373 3042 ei
1395 2981 1853 3045 machinantes
1881 2976 2221 3079 pulmonis
2260 2976 2410 3060 spe-
2470 3008 2475 3013 ·
2502 3006 2509 3011 ·

335 3080 504 3146 ciem
544 3079 980 3156 inseve1·‚‘unt
1018 3079 1318 3164 primum
1365 3084 1637 3148 mollem
1688 3095 1755 3146 et
1792 3070 2116 3164 sanguine
2167 3097 2410 3140 caren-

333 3193 493 3259 tem,
538 3179 778 3244 deinde
805 3179 1049 3245 fistulas
1091 3180 1268 3246 intus
1308 3185 1672 3250 habentem
1711 3196 2052 3265 tamquam
2093 3178 2409 3264 spongiae
2452 3194 2457 3208 ·

331 3283 736 3372 perforataS,
783 3295 848 3345 ut
882 3282 1116 3366 spiritu
1153 3297 1221 3347 et
1255 3299 1418 3369 potu
1450 3300 1718 3373 recepto
1751 3286 2186 3369 refrigeraret
2217 3290 2283 3340 et
2298 3299 2410 3340 re-

330 3386 759 3472 spirationem
789 3383 1324 3470 levationemque
1364 3389 1433 3452 in
1467 3392 1640 3453 aestu
1669 3388 2043 3473 praeberet.
2091 3377 2409 3466 quocirca

332 3485 618 3551 arteriae
650 3485 907 3550 canales
935 3485 1012 3551 in
1035 3489 1431 3573 pulmonem
1466 3493 1846 3557 inciderunt
1890 3506 2182 3567 eumque
2219 3479 2409 3544 cordi

331 3585 895 3655 circumiecerunt
923 3602 1270 3675 tamquam
1299 3595 1627 3680 malagma
1650 3642 1668 3671 ‚
1688 3604 1778 3654 ›ut
1797 3585 2145 3652 iracundia
2184 3605 2408 3668 quan-

332 3689 419 3756 do
445 3689 522 3758 in
556 3711 636 3761 eo
663 3687 994 3782 ferveret,
1041 3694 1277 3767 saliens
1305 3695 1380 3762 in
1409 3695 1658 3785 aliquid
1684 3691 1861 3781 quod
1897 3690 2166 3758 cederet
2189 3696 2258 3750 et
2285 3707 2407 3750 re·-

2276 3948 2295 3999 l

1838 4207 1973 4273 1³2
