2738 4600
1025 344 1481 417 POLITIA
1519 346 1639 418 nt.
2284 366 2373 437 οφ,

274 519 416 587 Iius
452 515 538 585 ad
578 512 1024 586 iudicandum
1069 518 1643 589 instrumentum?
1699 518 1865 610 *Qui
1917 521 2199 589 autem?
2255 520 2376 588 in·-

279 620 446 708 quit.
536 620 704 690 Vide
769 620 1016 708 igitur:
1090 622 1306 691 trium
1365 624 1641 689 illorum
1693 623 2002 711 quisunt
2053 620 2372 693 virorum

276 724 421 810 quia
450 723 889 811 peritissimus
922 724 1014 789 est
1039 727 1351 793 omnium
1373 750 1546 814 quas
1577 726 1880 799 diximus
1906 728 2383 815 voluptatum?⁹

270 836 504 893 utrum
556 825 733 893 lucri
770 826 1057 913 cupidus
1116 828 1499 919 percipiens
1549 828 1763 914 qualis
1814 829 1897 895 fit
1945 830 2087 920 ipsa
2123 832 2374 897 veritas

265 929 562 1017 peritior
605 927 731 995 tibi
777 923 1052 996 videtur
1090 935 1219 996 effe
1246 932 1620 1021 voluptatia
1663 955 1701 996 e
1744 931 2130 1019 cognitione
2151 935 2375 1024 profi·-

266 1031 612 1116 ciscentis,
668 1053 876 1119 quam
903 1033 1346 1125 philosophus
1377 1035 1523 1101 eius
1554 1056 1728 1122 quae
1770 1058 1810 1101 e
1834 1036 2028 1105 lucro
2062 1037 2372 1105 faciendo

265 1135 555 1203 manat?
625 1135 964 1218 Multum,
1024 1136 1278 1225 inquit,
1341 1136 1605 1220 differt3
1676 1137 1788 1206 hic
1827 1138 2010 1205 enim
2056 1139 2293 1206 alteras
2331 1162 2376 1208 a

265 1236 568 1331 pueritia
608 1238 978 1325 gustaverit
1004 1241 1257 1306 necess'e
1288 1242 1418 1323 est,
1482 1241 1654 1309 lucri
1701 1264 1864 1311 vero
1912 1241 2280 1332 cupidum,
2325 1242 2375 1306 fi

264 1340 615 1431 quomodo
667 1343 734 1406 se
783 1340 1079 1409 habeant
1145 1356 1225 1411 e'a
1273 1367 1445 1433 quae
1486 1347 1642 1412 funt
1699 1346 2135 1432 cognoverit,
2195 1346 2376 1411 hanc

265 1446 695 1533 voluptatem
755 1465 962 1531 quam
1017 1445 1234 1517 suavis
1275 1447 1354 1513 fit
1412 1447 1596 1514 haud
1654 1451 1908 1516 necess'e
1964 1452 2056 1516 est
2115 1450 2375 1538 gustare

262 1569 398 1614 nec
440 1545 770 1635 experiri,
819 1546 1032 1615 immo
1076 1548 1331 1616 etiamsi
1374 1550 1738 1634 annititur,
1790 1552 1977 1619 haud
2015 1551 2214 1619 facile
2261 1554 2376 1619 est.

262 1651 509 1738 Longe
533 1649 767 1736 igitur,
807 1650 1126 1738 inquam,
1184 1653 1364 1721 lucri
1402 1655 1651 1743 cupido
1680 1656 2123 1745 philosophus
2168 1678 2378 1743 prae-
2479 1662 2484 1668 ’

264 1758 397 1822 stat
433 1754 787 1841 utriusque
830 1754 1223 1842 voluptatis-
1244 1753 1515 1844 peritia.
1614 1758 1847 1842 Longe
1890 1778 2076 1822 vero.
2179 1754 2377 1845 Quid

261 1881 439 1924 vero
461 1858 740 1935 honeris
769 1856 1164 1946 appetenti?
1206 1877 1380 1920 num
1419 1856 1635 1941 magis
1675 1856 2032 1946 imperitus
2061 1857 2151 1920 est
2177 1856 2382 1921 vdlu..

260 1960 476 2051 ptatis
506 1982 594 2026 ex
629 1959 897 2026 honore
931 1958 1272 2033 manantis
1309 1970 1513 2042 quam
1545 1956 1659 2020 ille
1689 1955 1834 2021 eius
1866 1977 2039 2042 quae
2065 1979 2102 2020 e
2133 1957 2380 2043 cogni-

206 2084 214 2095 ·
262 2061 464 2127 tione
496 2059 843 2144 gignitur?
889 2062 980 2128 At
1005 2081 1171 2126 vero
1202 2062 1445 2141 honor,
1486 2058 1738 2146 inquit,
1783 2081 2017 2126 omnes
2043 2060 2377 2145 sequitur,

268 2162 400 2250 qui
423 2162 605 2248 quod
637 2162 1108 2251 appetiverant
1134 2158 1309 2225 nacti
1334 2161 1531 2243 sunt3
1575 2162 1827 2229 etenim
1856 2162 2045 2228 dives
2080 2184 2119 2228 a
2143 2163 2375 2229 multis

263 2267 658 2335 honoratur
686 2275 755 2330 et
779 2263 978 2332 fortis
1003 2275 1072 2332 et
1114 2262 1411 2353 sapietiae
1470 2275 1549 2331 ut
1591 2262 1957 2354 voluptatis
1992 2287 2196 2352 quam
2242 2268 2376 2334 ho-

262 2393 400 2437 nor
429 2369 643 2457 gignit
684 2390 920 2434 omnes
951 2369 1078 2433 fint
1112 2368 1314 2456 periti
1327 2391 1351 2449 3
1408 2365 1626 2457 qualis
1666 2378 1892 2434 autem
1937 2370 2254 2458 voluptas
2300 2371 2377 2435 fit

266 2473 417 2542 eius
466 2473 647 2559 quod
702 2493 870 2538 vere
918 2473 1009 2536 est
1052 2471 1394 2559 spectandi
1437 2492 1638 2537 nemo
1697 2472 1913 2559 potest
1953 2473 2213 2557 gustare
2254 2471 2376 2536 nisi

263 2574 728 2668 philosophus.
815 2572 1110 2642 Peritiae
1146 2570 1355 2661 igitur
1390 2575 1583 2641 causa
1602 2624 1623 2653 ,
1680 2572 1957 2660 inquam
1977 2624 1996 2652 ,
2049 2573 2304 2662 optime
2336 2597 2376 2640 e

265 2677 439 2746 viris
469 2675 584 2743 hic
610 2676 879 2743 iudicat.
970 2676 1151 2746 Sane
1182 2671 1487 2760 quidem.
1575 2675 1801 2758 Atque
1845 2675 2051 2742 etiam
2084 2678 2376 2745 iuvante

265 2779 641 2870 prudentia
664 2780 843 2845 solus
883 2779 1011 2846 erit
1039 2776 1320 2865 peritus·
1409 2775 1720 2866 Quidni?
1781 2777 1957 2867 Illud
2000 2802 2208 2867 porro
2257 2779 2376 2847 in-

221 2887 718 2951 estrumentum
767 2905 903 2971 quo
960 2880 1401 2948 iudicandum
1450 2882 1571 2961 est,
1650 2902 1875 2967 neque
1926 2883 2095 2950 lucri
2140 2882 2373 2971 cupidi

270 3010 493 3075 neque
521 2988 802 3054 honoris
831 2984 1097 3053 studiofi
1125 2984 1247 3064 est,
1291 2983 1403 3049 sed
1428 2982 1832 3071 philosophi.
1894 2986 2167 3075 Quale?
2209 2986 2373 3052 Dis-

268 3089 630 3181 'putatione
671 3090 983 3157 videlicet
1029 3086 1328 3154 diximus
1371 3085 1810 3153 iudicandum
1853 3093 2019 3169 effe3
2093 3094 2374 3158 nonne?

269 3194 390 3262 Ita.
478 3193 868 3281 Disputatio
917 3214 1083 3258 vero
1124 3188 1329 3257 huius
1354 3188 1677 3257 „maxime
1706 3191 1796 3255 est
1820 3188 2369 3259 instrumentum.

275 3297 584 3385 Quidni?
639 3297 881 3365 Nonne
916 3296 961 3360 fi
995 3292 1241 3360 divitiis
1275 3303 1345 3358 et
1382 3294 1573 3359 lucro
1609 3293 1863 3382 optime
1902 3293 2372 3362 iudicarentur

273 3400 670 3481 iudicanda,
719 3422 798 3488 ea
824 3419 995 3485 quae
1018 3395 1328 3463 laudaret
1351 3394 1525 3461 lucri
1554 3395 1835 3484 cupidus
1866 3407 1984 3463 aut
2016 3396 2374 3480 vitupera-

275 3514 424 3586 ret,
468 3501 828 3572 neceffario
861 3506 1070 3568 effent
1102 3498 1487 3566 veriffima?
1531 3497 1708 3576 Sane
1729 3500 2025 3587 quidem.
2087 3494 2212 3561 Sin
2241 3516 2374 3558 au·-

228 3635 233 3644 ·
275 3617 417 3673 tem
453 3606 725 3671 honore
763 3615 831 3670 et
869 3601 1153 3671 victoria
1186 3613 1259 3667 et
1286 3600 1733 3685 fortitudine,
1791 3619 2025 3666 nonne
2070 3620 2152 3663 ea
2199 3619 2374 3686 quae

274 3707 557 3776 honoris
581 3707 863 3797 cupidus
893 3702 1804 3791 contentionisqueffiatnans?
1861 3703 2071 3767 Patet.
2145 3700 2374 3791 *Quo-.-

276 3811 463 3878 niam
498 3833 664 3878 vero
695 3809 939 3897 peritia
990 3820 1060 3875 et
1093 3806 1460 3896 prudentia
1513 3816 1581 3870 et
1626 3800 2133 3891 disputatione?
2187 3806 2374 3875 Fieri

278 3936 415 3979 non
444 3916 693 4003 potest,
736 3910 994 3999 inquit,
1054 3909 1222 3996 quin
1260 3931 1434 3996 quae
1473 3906 1908 3996 philosophus
1946 3917 2012 3971 et
2061 3907 2373 3996 disputa.-

278 4017 541 4084 tionum
562 4039 798 4083 amans
824 4016 1109 4082 laudent
1134 4009 1640 4077 verisfima'fint.
1729 4006 1974 4076 Trium
1997 4033 2157 4100 ergo
2198 4031 2372 4096 quae

284 4119 432 4187 sunt
486 4123 919 4209 voluptatum
962 4113 1439 4184 iucundisfima
1501 4110 1634 4180 erit
1685 4131 1767 4179 ea
1827 4136 2033 4204 quam
2083 4107 2374 4200 percipit

1665 4407 1710 4440 1
