2738 4600
1017 369 1026 378 ·
1079 367 1598 437 TlMAEUS.
1746 459 1753 466 ἢ
2258 384 2376 453 187

292 541 731 623 evanescens,
773 537 1093 630 opinione
1125 551 1192 605 et
1220 541 1413 605 sensu
1441 539 2189 629 comprehendendum3
2235 556 2382 613 ter-

292 646 467 710 tium
501 666 706 733 porro
735 665 944 730 genus
971 641 1162 731 spatii
1193 641 1539 729 cuiusque,
1569 640 1920 713 interitum
1955 668 2091 712 non
2127 647 2383 716 admit-

291 759 441 813 tens
453 796 479 829 ,
517 747 744 812 sedem
775 743 1103 833 praebens
1133 767 1602 833 quaecumque
1626 753 1849 810 ortum
1878 748 2127 814 habent
2154 750 2385 816 omni·
2438 743 2449 748 ’

295 850 420 916 bus
436 899 463 931 ,
509 850 729 938 ipsum
775 869 942 912 vero
975 845 1072 913 ita
1103 860 1613 938 comparatum,
1658 857 1737 911 ut
1777 848 1961 914 nullo
1997 852 2188 932 sensu
2216 873 2385 943 per-

294 963 569 1044 ceptum
601 961 911 1038 tangatur
942 950 1460 1020 ratiocinatione
1487 950 1779 1039 quadam
1807 951 2214 1037 adulterina,
2243 960 2385 1022 vix-

296 1077 435 1142 que
472 1065 727 1120 certum
775 1056 887 1129 fit,
931 1054 1109 1148 quod
1153 1056 1356 1126 etiam,
1392 1057 1727 1121 intuentes
1771 1055 2187 1123 somniamus
2217 1059 2388 1125 dici-

261 1207 264 1210 .
299 1177 586 1243 musque
614 1158 980 1224 necess'ario
1028 1179 1230 1225 omne
1262 1160 1445 1246 quod
1486 1161 1561 1224 fit
1597 1157 1669 1224 in
1701 1158 1850 1222 loco
1884 1159 2114 1243 aliquo
2161 1164 2285 1227 effe
2321 1173 2389 1227 et

299 1255 521 1322 sedem
565 1258 863 1346 aliquam
907 1273 1181 1337 tenere,
1225 1261 1403 1347 quod
1458 1283 1624 1325 vero
1664 1279 1883 1348 neque
1926 1255 2001 1327 i'n
2044 1274 2230 1329 terra
2261 1287 2390 1330 ne-

299 1380 429 1445 que
456 1358 528 1424 in
553 1363 737 1427 caelo
785 1385 1074 1449 usquam
1120 1364 1195 1429 fit
1240 1359 1308 1427 id
1346 1361 1513 1428 nihil
1540 1366 1687 1428 effe.
1732 1363 1897 1430 haec
1923 1363 2129 1450 igitur
2156 1368 2389 1434 omnia

293 1460 536 1548 hisque
560 1462 828 1547 fimilia,
877 1465 1081 1530 etiam
1112 1464 1290 1552 quod
1324 1465 1409 1531 ad
1438 1474 1749 1530 naturam
1781 1465 2151 1536 insomnem
2189 1493 2389 1552 vere-

299 1584 432 1649 que
476 1567 839 1658 exstantem
879 1566 1155 1649 attinet,
1215 1589 1378 1655 prae
1419 1567 1678 1632 somnio
1720 1566 1835 1632 illo
1872 1592 2011 1635 non
2048 1575 2390 1658 possumus

299 1666 684 1750 experrecti
727 1667 1126 1760 distinguere
1169 1676 1550 1757 verumque
1590 1669 1851 1751 dicere3
1910 1695 2070 1737 nam
2116 1673 2394 1760 imagini

303 1767 622 1852 quidem,
666 1771 986 1865 quoniam
1016 1770 1083 1835 id
1104 1772 1326 1857 ipsum
1356 1772 1552 1836 cuius
1594 1771 1789 1835 causa
1818 1766 2069 1837 exstitit
2104 1798 2242 1840 non
2277 1775 2406 1862 ip-·

305 1870 436 1935 fius
480 1873 600 1952 est,
655 1873 765 1938 sed
812 1865 990 1939 >alius
1032 1866 1667 1961 cuiuspiam'fertur
1715 1875 2185 1958 simulacrum,
2237 1876 2394 1942 i‘deo

308 1975 629 2041 convenit
658 1990 739 2042 ut
766 1979 839 2042 in
875 1977 1011 2044 alio
1055 1978 1350 2066 quodam
1378 1978 1492 2058 fit,
1538 1976 1875 2041 effentiam
1919 1977 2141 2064 aliquo
2183 1981 2392 2045 modo

304 2078 675 2164 usurpans,
719 2092 836 2145 aut
873 2080 1046 2148 nihil
1089 2081 1169 2146 sit
1197 2079 1517 2161 omnino,
1559 2090 1624 2144 at
1659 2101 1815 2146 vero
1847 2080 1909 2144 ei
1946 2080 2121 2167 quod
2156 2103 2392 2148 revera

309 2182 400 2244 est
425 2178 827 2268 suffragatur
853 2204 1025 2267 quae
1059 2173 1296 2249 *exact-e
1323 2204 1484 2247 vera
1516 2182 1603 2244 est
1630 2182 1827 2264 ratio,
1856 2182 2123 2256 docens,
2150 2203 2392 2265 quam-

308 2281 422 2349 diu
456 2306 671 2351 unum
700 2284 880 2350 aliud
914 2287 987 2352 fit
1012 2297 1079 2352 et
1108 2285 1395 2352 alterum
1425 2282 1609 2351 aliud
1628 2331 1648 2365 ‚
1692 2299 2014 2351 neutrum
2044 2284 2117 2380 in
2146 2296 2402 2350 neutro·

306 2408 633 2472 umquam
651 2387 955 2472 genitum
979 2410 1195 2455 unum
1210 2389 1409 2453 fimul
1434 2387 1612 2452 idem
1647 2405 1714 2450 et
1734 2388 1867 2452 duo
1898 2387 2062 2451 sore.
2082 2385 2257 2451 -haec
2273 2385 2392 2472 igi-

308 2499 424 2553 tur
436 2489 607 2555 ratio
625 2512 710 2554 ex
725 2491 1048 2554 sententia
1071 2512 1225 2555 mea
1245 2489 1550 2553 conclusa
1566 2488 1653 2554 ad
1676 2489 2007 2552 summam
2028 2489 2228 2575 pofita
2244 2490 2397 2571 esto,

282 2592 651 2679 ‘essentiam
690 2602 758 2655 et
782 2591 1069 2679 spatium
1120 2602 1187 2656 et
1233 2600 1464 2654 ortum
1482 2594 1651 2673 esse,
1696 2587 1826 2656 tria
1867 2588 2234 2674 trifariam,
2278 2614 2398 2684 ea7

312 2708 450 2775 que
489 2700 846 2775 antequam
869 2694 1151 2811 spelum
1203 2690 1560 2762 exstiterim
1623 2701 1810 2758 ortus
1854 2714 2014 2757 vero
2057 2686 2393 2762 nutricem

311 2791 766 2859 madefactam
798 2808 865 2860 et
907 2797 1396 2862 inflammatam
1437 2805 1507 2859 et
1549 2805 1772 2860 terrae
1799 2794 2099 2881 aerisque
2134 2794 2396 2863 formas

314 2894 749 2983 accipientem
781 2911 849 2964 et
871 2917 1338 2985 quaecumque
1368 2896 1499 2962 alia
1529 2919 1683 2964 cum
1714 2897 1822 2963 his
1848 2896 2208 2965 coniuncta
2239 2902 2399 2965 sunt

314 3000 683 3087 patientem
702 2999 955 3066 variam
989 3000 1263 3088 quidem
1298 2999 1615 3085 adspectu
1651 2999 2259 3088 videri,propterea
2280 3025 2397 3067 au·

245 3177 256 3187 .
317 3113 460 3166 tem
504 3102 684 3189 quod
724 3100 943 3188 neque
990 3101 1317 3169 fimilibus
1356 3102 1878 3191 viribus‘neque
1921 3102 2403 3190 aequilibribus

318 3203 595 3292 impleta
619 3206 719 3286 fit,
744 3205 1000 3270 nullam
1034 3206 1102 3274 in
1126 3215 1391 3294 partem
1412 3201 1849 3290 aequilibrem
1880 3207 2032 3287 esse,
2064 3204 2174 3270 sed
2207 3205 2425 3271 inae-‘

322 3307 610 3395 qualiter
651 3308 723 3374 in
769 3329 1002 3372 omnes
1030 3319 1253 3394 partes
1276 3307 1719 3374 fluctuantem
1753 3306 2022 3371 concuti
2063 3308 2271 3394 ipsam
2314 3305 2400 3370 ab

319 3407 492 3489 inis,
547 3411 913 3497 rursusque
956 3409 1270 3495 agitatam
1313 3410 1459 3475 illas
1500 3419 1890 3488 concutere,
1949 3407 2190 3494 agitata
2236 3426 2400 3471 vero

323 3512 458 3576 alia
501 3509 631 3574 alio
673 3513 936 3602 semper
975 3511 1147 3577 ferri
1188 3511 1558 3587 disiuncta,
1619 3507 2188 3596 quemadmodum
2229 3526 2403 3595 quae

323 3636 364 3679 a
399 3611 641 3678 cribris
673 3623 739 3686 ct
774 3613 1221 3680 instrumentis
1248 3613 1595 3703 frumento
1638 3606 2076 3702 depurgando
2100 3605 2404 3676 serviem

325 3715 508 3782 tibus
552 3714 1035 3781 concutiuntur
1075 3727 1144 3780 et
1188 3717 1602 3782 ventilantur
1650 3714 1850 3781 densa
1898 3722 1965 3776 et
2003 3708 2233 3796 gravia
2269 3710 2404 3776 alio

325 3816 673 3897 feruntur,
728 3840 883 3884 rara
923 3841 1091 3884 vero
1134 3829 1199 3883 et
1233 3819 1413 3885 levia
1452 3818 1583 3883 alio
1626 3813 1974 3880 confidunt
2012 3814 2201 3879 locot
2258 3824 2401 3879 tum

327 3920 418 3987 ita
459 3931 781 4009 quattuor
826 3942 1073 4009 genera
1111 3925 1418 4017 concussa
1459 3943 1500 3986 a
1542 3915 2005 4009 receptaculo,
2065 3929 2404 3985 commoto
