2738 4600
1078 330 1589 416 TIMAEUS.
2255 347 2375 416 155

283 516 362 586 i'n
404 515 712 584 omnibus
753 515 1145 582 huiusmodi
1182 517 1386 582 rebus
1430 518 1815 582 maximum
1866 518 1955 582 est
1996 517 2367 605 negotium,

285 621 654 686 orationem
686 616 981 703 aliquam
998 623 1328 709 propofito
1358 618 1876 687 cumvenientem
1907 619 2171 702 afferre,
2191 621 2355 687 haec

282 720 471 789 nobis
513 745 619 787 res
651 722 821 785 bene
865 721 1267 786 succederet.
1325 721 1597 806 itaque,
1641 722 2210 808 quemadmodum
2251 724 2366 788 hic

279 823 482 899 dixit,
551 825 711 889 heri
746 823 959 890 statim
1004 824 1283 890 uthinc
1322 824 1736 891 discesseram
1780 823 1961 889 hisce
2001 825 2113 890 illa
2156 826 2363 890 retuli

277 927 685 994 memoriam
714 950 948 994 eorum
989 938 1332 1016 repetens,
1378 937 1447 990 et
1488 926 1806 1012 digressus
1848 925 1934 991 ab
1975 926 2080 991 his
2131 928 2362 994 omnia

277 1027 433 1095 fere
462 1029 789 1095 meditans
819 1042 1025 1095 noctu
1056 1028 1439 1094 retractavi.
1482 1027 1738 1093 habent
1762 1027 2090 1093 nimirum
2109 1078 2129 1110 ,
2174 1042 2253 1094 ut
2285 1031 2359 1096 in

281 1131 640 1221 proverbio
681 1135 805 1209 est,
862 1154 942 1197 ea
985 1153 1158 1218 quae
1192 1130 1388 1221 pueri
1418 1130 1843 1219 ,percipimus
1890 1129 2356 1198 incredibilem
2379 1128 2394 1141 ’

280 1235 618 1322 quandam
645 1233 1204 1300 recordationem.
1236 1255 1357 1316 ego
1392 1231 1571 1298 enim
1614 1233 1956 1322 quacheri
1984 1232 2220 1300 audivi
2246 1256 2357 1299 ve-

273 1360 432 1403 reor
473 1348 557 1402 ut
595 1339 831 1424 possim
865 1335 1090 1401 omnia
1118 1335 1448 1400 memoria
1486 1338 1716 1411 rursu-s
1747 1334 2352 1426 comprehendere;

275 1440 361 1506 de
407 1441 538 1505 illis
587 1451 819 1506 autem
873 1459 1043 1524 quae
1094 1436 1419 1531 perlongo
1460 1448 1616 1502 ante
1657 1450 1964 1527 tempore
2008 1437 2356 1521 exaudivi,

271 1543 554 1631 prorsus
617 1538 988 1606 admirarer
1029 1541 1071 1603 fi
1132 1539 1291 1627 quid
1338 1559 1577 1602 eorum
1642 1540 1811 1604 mihi
1861 1540 2224 1607 excidisset.
2274 1563 2354 1605 ae

272 1667 523 1730 magna
561 1666 719 1708 curn
765 1642 1110 1733 voluptate
1155 1663 1366 1728 eaque
1411 1639 1655 1727 puerili
1697 1654 1861 1706 tunc
1915 1642 2144 1707 audita
2181 1642 2353 1720 sunt,

164 1780 183 1791 ·
272 1749 533 1833 quippe
577 1747 733 1809 sene
769 1756 1085 1835 prompte
1122 1765 1234 1807 me
1277 1744 1562 1807 docente
1610 1752 1676 1805 et
1718 1763 1831 1806 me
1872 1742 2353 1829 saepenumero

268 1849 678 1926 sciscitante,
724 1859 805 1911 ut
844 1846 1045 1912 instar
1079 1844 1379 1908 colorum
1414 1844 1789 1907 inustorum
1832 1839 2201 1907 indelebilia
2244 1841 2354 1927 pi-

271 1964 514 2019 oturae
548 1947 806 2014 stabilia
835 1945 1007 2012 mihi
1034 1946 1385 2011 evaserint.
1442 1958 1647 2029 atque
1683 1942 1881 2008 etiam
1927 1941 2110 2010 hisce
2137 1942 2355 2007 statim

270 2053 554 2121 narravi
586 2071 786 2116 mane
814 2047 978 2113 haec
1010 2045 1189 2133 ipsa,
1232 2058 1309 2111 ut
1345 2047 1737 2111 sermonum
1779 2046 2041 2134 copiam
2084 2066 2350 2109 mecum

268 2156 628 2224 haberent.
683 2154 868 2215 nunc
908 2147 1146 2235 igitur,
1211 2168 1431 2234 quam.
1463 2146 1550 2211 ob
1596 2146 1860 2212 causam
1904 2146 2134 2212 omnia
2176 2147 2350 2229 dicta

266 2261 461 2336 sunt,
503 2264 778 2344 paratus
806 2254 951 2318 sum
992 2251 1079 2317 ad
1116 2251 1568 2325 narrandum,
1612 2247 1928 2336 Socrate,
1963 2272 2099 2316 non
2129 2251 2347 2316 solum

266 2358 691 2439 summatim,
733 2355 841 2420 sed
869 2353 957 2417 ita
990 2365 1069 2418 ut
1099 2353 1324 2420 audivi
1349 2353 1623 2437 singula.
1670 2351 1851 2416 cives
1874 2375 2039 2436 vero
2075 2363 2144 2416 et
2172 2353 2350 2417 civi-

266 2475 483 2529 tatem
520 2508 542 2542 ,
601 2480 804 2548 quam
858 2455 1009 2521 heri
1065 2455 1259 2519 nobis
1321 2453 1675 2538 tamquam
1718 2454 1794 2518 in
1837 2452 2072 2518 fabula
2120 2455 2350 2541 perse·—

269 2576 522 2652 quutus
575 2584 642 2635 es
664 2609 684 2640 ,
741 2557 1221 2625 transferentes
1278 2556 1355 2621 in
1407 2556 1763 2622 veritatem
1825 2554 1965 2621 huc
2014 2575 2350 2641 ponemus

268 2665 454 2753 quasi
495 2662 636 2730 illa
694 2661 862 2725 haec
923 2660 1000 2724 fit
1026 2708 1046 2738 ,
1121 2669 1188 2721 et
1219 2655 1392 2722 cives
1462 2679 1627 2742 quos
1685 2656 2084 2743 cogitatione
2144 2679 2348 2722 com-
2409 2699 2420 2710 ·

266 2761 681 2855 prehendisti
764 2761 909 2826 illos
982 2759 1276 2825 dicemus
1349 2779 1546 2824 veros
1604 2764 1728 2826 effe
1782 2763 2036 2826 nostros
2094 2781 2347 2848 proge-

270 2870 524 2935 nitores
595 2865 681 2929 de
736 2859 981 2950 quib'us
1036 2861 1422 2928 narraverit
1487 2862 1835 2928 sacerdos:
1910 2863 2101 2928 omni
2140 2860 2344 2929 modo

273 2968 677 3038 convenient
700 3015 721 3048 ,
799 2988 926 3031 nec
996 2964 1366 3053 pugnantia
1439 2966 1796 3052 loquemur
1866 2965 2160 3031 dicente-s
2230 2975 2344 3028 eos

273 3079 401 3140 effe
433 3073 581 3138 illos
628 3067 744 3156 qui
774 3067 845 3133 id
885 3065 1209 3155 temporis
1247 3065 1568 3134 vixerint.
1629 3066 2077 3134 communiter
2112 3077 2345 3132 autem

271 3176 699 3265 explorantes
740 3191 973 3234 omnes
1014 3166 1409 3238 conabimur
1458 3191 1581 3255 pro
1621 3169 1878 3235 viribus
1923 3168 2172 3255 cuique
2223 3189 2345 3231 eo-

269 3300 426 3345 rum
459 3299 623 3364 quos
662 3270 984 3338 mandasti
1011 3269 1480 3338 convenientia
1521 3270 1906 3360 attribuere.
1948 3268 2347 3352 considerari

267 3379 477 3465 igitur
509 3386 811 3464 oportet,
857 3371 1131 3439 Socrate
1144 3423 1173 3453 „
1218 3394 1387 3438 num
1429 3395 1519 3437 ex
1567 3373 1773 3437 animi
1808 3372 2136 3439 sententia
2178 3370 2345 3432 haec

267 3478 488 3547 oratio
535 3477 729 3542 nobis
772 3477 891 3558 fit,
945 3498 1028 3541 an
1075 3473 1278 3542 aliam
1326 3498 1529 3563 quam
1569 3496 1696 3564 pro
1742 3497 1823 3541 ea
1868 3493 2192 3560 quaerere
2222 3468 2345 3546 def

265 3582 593 3648 bennum.-
2309 3611 2318 3616 -

437 3680 550 3747 So.
591 3679 686 3748 At
715 3701 1103 3767 quamnam,
1135 3680 1387 3763 Critia,
1414 3680 1642 3767 potius
1665 3701 1791 3767 pro
1824 3676 1953 3742 hac
1979 3676 2340 3748 sumamus,

269 3806 443 3874 quae
470 3784 810 3873 praesenti
841 3782 1005 3849 deae
1029 3782 1349 3849 sacrificio
1376 3792 1669 3871 propter
1695 3775 2162 3865 cognationem
2197 3797 2345 3840 ma-

267 3888 456 3955 xime
481 3885 842 3954 conveniat
876 3896 963 3966 et,
992 3882 1064 3949 id
1097 3885 1281 3973 quod
1316 3885 1453 3948 fine
1479 3881 1683 3968 dubio
1713 3897 2156 3967 permagnum
2185 3876 2345 3966 quid

270 3991 377 4066 est,
423 4014 562 4055 non
586 3990 740 4055 ficta
770 3990 845 4054 fit
871 3986 1120 4068 sabula,
1181 3986 1292 4053 sed
1322 4008 1486 4051 vera
1511 3982 1747 4049 oratio.
1793 3983 2132 4067 quomodo
2162 3982 2347 4047 enim

270 4104 338 4159 et
366 4093 549 4161 unde
598 4091 761 4160 alias
790 4089 1242 4180 reperiemus,
1279 4086 1399 4154 has
1448 4086 1493 4150 fi
1533 4084 1750 4155 missas
1787 4079 2163 4155 faciamus?
2204 4103 2346 4150 non
