2738 4600
1052 352 1496 426 rom‘rm
1552 351 1636 428 Χ.
2287 367 2374 455 95

299 530 595 600 lautitias
621 548 902 597 narrare
933 540 1002 596 et
1033 525 1471 620 spectationes
1507 529 1758 598 mirum
1790 555 1988 620 quam
2030 536 2378 624 pulchras.

299 655 380 702 ac
405 635 702 724 plurima
752 632 1062 719 quidem,
1109 632 1400 712 Glauco,
1449 656 1731 701 narrare
1764 641 1961 704 multi
1992 643 2077 704 est
2107 653 2379 730 tempo—

293 737 423 818 ria,
469 737 803 802 summam
846 749 1070 802 autem
1114 736 1341 801 dixit
1323 759 1394 800 m
1431 736 1560 802 hoc
1603 740 1983 806 consistere·
2025 755 2187 830 quot
2217 765 2379 810 um·-

291 862 503 927 quam
535 822 786 905 alicui
768 837 1047 904 iniurias
1085 837 1382 904 fecifl'ent
1411 849 1478 902 et
1508 840 2042 930 quibuscumque
2080 846 2379 933 quisque,

291 943 546 1009 harum
576 942 877 1006 omnium
909 962 1160 1028 poenas
1188 940 1426 1006 dediss'e
1456 943 2106 1035 fingulos‚cuiuaque
2128 947 2375 1024 decies,

293 1046 435 1111 hoc
463 1057 682 1111 autem
717 1049 843 1111 effe
870 1043 1165 1109 centenis
1194 1032 1574 1130 quibusque
1601 1048 1814 1126 annis,
1844 1049 2004 1135 quia
2035 1049 2215 1114 vitae
2245 1050 2382 1113 hu-

278 1168 540 1214 ·‘manae
569 1157 832 1213 tantum
862 1151 1015 1214 effet
1041 1148 1369 1234 spatium,
1416 1159 1494 1212 ut
1522 1148 1855 1218 malefacti
1889 1170 2139 1238 poenas
2164 1150 2381 1216 decies

295 1254 597 1333 luerent,
641 1250 822 1313 velut
851 1249 900 1311 fi
934 1250 1048 1334 qui
1070 1250 1445 1314 multorum
1478 1248 1696 1315 caedis
1722 1255 1985 1320 causam
2023 1253 2384 1318 sustinuis-

295 1357 481 1436 sent,
515 1353 622 1418 vel
650 1351 953 1417 civitates
991 1351 1345 1440 prodentes
1379 1353 1488 1418 vel
1519 1353 1856 1421 exercitus
1899 1368 1965 1422 et
1989 1359 2058 1421 in
2088 1355 2384 1423 servitu-

298 1471 434 1523 tem
483 1456 920 1522 coniieientes
947 1502 966 1536 ‚
1009 1455 1120 1519 vel
1148 1453 1340 1519 aliam
1376 1475 1577 1540 quam
1620 1459 2065 1525 calamitatem
2113 1458 2385 1526 intulis*-

289 1562 472 1637 sent,
504 1555 807 1622 omnium
833 1555 1076 1621 horum
1111 1557 1433 1643 cuiusque
1464 1557 1680 1625 decies
1707 1583 1959 1648 poenas
1986 1563 2382 1649 penderent,

301 1676 512 1749 atque
557 1661 753 1725 etiam
803 1659 849 1723 fi
893 1676 1061 1744 quos
1105 1658 1443 1725 beneficiis
1482 1660 1840 1727 affecissent
1880 1664 2159 1751 iustique
2189 1675 2255 1728 et
2288 1663 2385 1749 pii

303 1763 719 1846 exstitiffent,
781 1760 1021 1825 eodem
1067 1761 1272 1826 modo
1320 1784 1448 1847 pro
1492 1763 1816 1847 dignitate
1862 1765 2381 1830 honorarentur.

301 1869 387 1933 de
418 1865 513 1932 eis
544 1887 709 1930 vero
749 1862 868 1948 qui
909 1862 1128 1926 statim
1158 1872 1240 1924 ut
1269 1861 1420 1925 -nati
1465 1858 1733 1928 fuiffent
1776 1877 2067 1931 mortem
2116 1867 2391 1932 obinunt

301 1985 372 2037 et
394 1970 606 2034 breve
637 1979 904 2049 tempus
950 1961 1268 2027 vixissent
1304 1962 1432 2026 alia
1480 1966 1710 2031 retulit
1754 1965 1936 2031 haud
1983 1969 2179 2054 digna
2216 1986 2389 2054 quae

301 2079 793 2140 memorentur.
809 2062 1071 2150 pietatis
1087 2082 1301 2128 autem
1325 2075 1390 2128 et
1418 2064 1774 2151 impietatis
1803 2088 1956 2155 erga
1976 2070 2133 2136 deos
2159 2083 2228 2136 et
2260 2094 2384 2161 pa·-

301 2185 536 2242 rentes
567 2167 933 2254 mortisque
964 2166 1287 2256 constitae
1329 2167 1533 2231 etiam
1575 2168 1859 2234 maiores
1884 2195 2384 2239 commemora-

288 2280 404 2345 'vit
445 2271 808 2342 mercedes.
852 2267 1152 2334 narravit
1180 2268 1359 2334 enim
1408 2269 1471 2334 se
1507 2269 1784 2337 adfuiffe
1828 2297 2038 2361 quum
2083 2277 2257 2341 alter
2296 2274 2383 2341 ab

301 2385 517 2449 altero
577 2369 1113 2459 interrogaretur
1162 2371 1277 2437 ubi
1331 2377 1485 2438 effet
1533 2374 1866 2441 Aridaeus
1909 2399 2218 2464 magnus.
2276 2378 2388 2443 hic

209 2494 212 2497 ’
302 2496 526 2551 autem
557 2478 875 2544 Aridaeus
921 2476 993 2540 in
1027 2473 1470 2561 Pamphyliae
1513 2474 1681 2540 urbe
1721 2477 2010 2560 quadam
2052 2492 2384 2567 tyrannm

299 2587 529 2653 fuerat
551 2634 573 2662 ,
610 2580 856 2644 'abhinc
891 2577 1088 2641 annis
1131 2576 1261 2640 iam
1296 2576 1513 2655 mille,
1559 2577 1783 2642 senem
1823 2591 2082 2664 patrem
2118 2580 2384 2647 occide-

301 2698 410 2754 rat
465 2683 875 2765 fratremque
928 2692 1091 2743 natu
1147 2678 1472 2741 maiorem
1505 2723 1524 2758 ‚
1598 2690 1666 2745 et
1724 2679 1854 2745 alia
1906 2684 2117 2748 multa
2171 2683 2385 2772 impia

303 2786 769 2862 commiserat,
824 2795 905 2847 ut
954 2778 1368 2847 tradebatur.
1443 2778 1612 2845 dixit
1649 2781 2384 2874 igitur‘interrogatum

301 2886 741 2977 respondiffe:
785 2886 938 2951 Non
986 2883 1341 2949 venit·nec
1385 2880 1794 2951 veniet‘huc.
1838 2888 2133 2954 vidimus
2178 2887 2384 2973 igitur

306 2990 507 3066 etiam
535 2989 662 3053 hoc
689 2987 1014 3053 horribile
1042 2983 1501 3073 spectaculum.
1534 3010 1740 3073 quum
1775 3012 1989 3078 prope
2015 2989 2250 3053 ostium
2280 2988 2386 3051 es·-

305 3099 525 3161 semus
565 3091 825 3175 reliqua
867 3090 1091 3154 omnia
1134 3086 1421 3174 perpel‘fi
1470 3099 1539 3151 et
1579 3090 1980 3156 adscendere
2026 3090 2382 3167 vellemne,

304 3198 498 3269 illum
534 3192 1006 3280 conspeximus
1041 3203 1319 3277 repente
1363 3190 1669 3276 aliosque
1720 3192 2048 3282 plurimus
2089 3188 2231 3254 fere
2272 3201 2388 3272 ty-

301 3317 589 3370 1·;anuos
635 3295 916 3361 aderant
944 3291 1140 3356 etiam
1176 3293 1422 3377 privati
1462 3293 1731 3377 quidam
1759 3318 1845 3361 ex
1885 3296 1970 3361 iis
1996 3293 2112 3380 qui
2140 3308 2392 3373 magna

305 3420 635 3490 peccaver
637 3408 952 3480 ant,quos
988 3392 1334 3480 opinantes
1371 3394 1487 3459 se
1458 3417 1601 3461 iam
1633 3397 2056 3463 adscensmos
2089 3394 2213 3457 effe
2243 3409 2385 3456 non

306 3499 676 3590 recipiebat
717 3498 988 3576 ostium,
1047 3496 1155 3561 sed
1207 3497 1589 3584 mugiebat,
1648 3499 2204 3585 quotiescumque
2252 3487 2387 3554 ali-

305 3605 461 3694 quis
493 3625 722 3667 eorum
758 3601 870 3689 qui
897 3612 1030 3665 tam
1062 3598 1410 3665 insanabili
1439 3604 1644 3666 effent
1672 3587 2105 3682 improbitate
2135 3592 2246 3655 vel
2264 3592 2388 3677 qui

305 3731 450 3775 non
475 3705 632 3771 satis
664 3726 910 3792 poenas
924 3701 1152 3767 ·luiffet
1176 3714 1537 3768 conaretur
1563 3693 1991 3762 adscendere.
2041 3692 2152 3758 hic
2180 3692 2386 3782 igitur

312 3809 466 3887 viri,
512 3806 752 3893 inq-uit,
798 3806 927 3872 leri
956 3816 1024 3869 et
1049 3806 1360 3870 ardentes
1389 3804 1476 3868 ad
1511 3799 1916 3884 adspectum,
1962 3789 2179 3884 prope
2206 3799 2387 3865 stan..

309 3923 411 3979 ten
453 3923 523 3978 et
561 3910 912 3978 fremitum
954 3905 1441 3998 percipientes,
1489 3901 1648 3965 iuna
1697 3894 1974 3988 quidem
2018 3899 2401 3991 separatim'
