2738 4600
1060 271 1574 406 TIMAEUS.
2237 353 2362 424 179

278 502 573 571 verimus
591 497 674 580 ‚ut
708 519 803 565 ex·
822 496 1121 566 mirabili
1145 510 1216 564 et
1242 497 1510 566 insolita
1532 499 2061 590 'expositione-ad
2103 502 2360 588 proba-

278 608 441 674 biles
467 603 818 696 opiniones
849 604 1066 675 salvos
1092 624 1231 671 *nos
1281 602 1623 686 traducat,
1680 605 1914 670 rursus
1956 602 2362 694 incipiemus

265 709 518 777 dicere.
1962 733 1969 740 ·

444 808 725 878 Initium
760 807 959 896 igitur
1000 806 1207 875 huius
1244 810 1330 875 de
1365 809 1677 875 universo
1707 808 2165 898 suspiciendae
2198 835 2362 878 ora-‚-

274 911 480 984 tionis
511 939 555 980 a
583 910 843 978 maiore
874 911 1156 978 ducatur
1182 912 1609 978 distinctione
1625 927 1834 997 quam
1854 911 2163 1000 superior
2182 926 2360 983 erat.
2420 961 2431 970 κ

273 1030 444 1084 tunc
468 1015 649 1080 enim
679 1013 813 1077 duo
841 1034 1097 1100 genera
1133 1001 1578 1092 distinximus,
1615 1037 1800 1081 nune
1827 1024 2053 1081 autem
2079 1018 2362 1085 tertium

273 1115 463 1185 aliud
501 1134 714 1202 genus
756 1117 954 1183 nobis
1017 1118 1543 1204 explicandum..
1577 1118 1830 1184 etenim
1875 1118 2013 1183 duo
2051 1118 2169 1185 illa
2208 1119 2364 1185 satis

273 1230 472 1290 erant
498 1220 573 1287 in
613 1217 959 1302 superiore
998 1221 1308 1285 oratione
1328 1267 1347 1297 ‚
1396 1239 1617 1287 unum
1644 1221 1914 1307 quidem
1959 1244 2085 1308 pro
2127 1244 2362 1287 exem-

270 1322 481 1413 plaris
509 1320 732 1409 specie
756 1322 1074 1409 positum,
1105 1320 1764 1408 subintelligentiam
1795 1323 2363 1414 cadens-semper·

269 1448 410 1514 ‚que
436 1425 678 1494 eodem
705 1424 774 1486 se
799 1421 1062 1490 habens
1090 1423 1313 1499 modo,
1341 1424 1773 1490 simulacrum
1805 1447 1976 1491 vero
2001 1429 2362 1517 exempla*

271 1529 369 1594 ris
401 1526 801 1597 secundum,
833 1534 1058 1589 ortum
1092 1525 1351 1592 habens
1379 1538 1444 1591 et
1472 1525 1545 1591 in
1575 1526 1898 1592 cernendi
1937 1527 2179 1594 cadens
2204 1531 2363 1597 sen·-

270 1632 448 1698 sum.
490 1627 770 1693 tertium
797 1636 1027 1690 autem
1053 1638 1216 1694 tunc
1258 1629 1532 1715 quidem
1574 1650 1715 1693 non
1753 1629 2130 1715 posuimus3
2176 1630 2363 1723 arbi-2

272 1740 533 1795 trantes
563 1728 704 1793 duo
734 1726 849 1793 illa
876 1726 1029 1793 fore
1045 1730 1238 1807 satis,
1281 1753 1469 1797 nunc
1504 1751 1672 1796 vero
1707 1730 1922 1795 oratio
1945 1732 2225 1797 videtur
2256 1754 2363 1798 co-

273 1854 443 1923 gere
503 1842 582 1897 ut
633 1828 977 1896 difficilem
1027 1842 1098 1897 et
1161 1834 1512 1899 obscuram
1560 1832 1863 1917 ‘speciem
1939 1833 2365 1901 instituamus
2460 1921 2471 1926 ᾖ

274 1934 585 2003 oratione
626 1933 1022 2020 patefacere.
1065 1955 1271 2019 quam
1309 1935 1517 2022 igitur
1556 1932 1696 2001 vim
1737 1944 1806 1998 et
1842 1945 2160 2001 naturam
2209 1947 2365 2003 eam·

274 2039 534 2106 habere
563 2036 930 2112 existimari
957 2038 1271 2125 oportet?
1315 2038 1493 2104 hanc
1533 2035 1865 2117 maxime,
1905 2048 1983 2101 ut
2016 2034 2247 2103 omnis
2285 2040 2364 2105 fit

280 2153 475 2207 ortus
507 2139 1059 2225 receptaculum,
1114 2140 1299 2225 quafi
1354 2140 1610 2208 nutrix-
1671 2150 1738 2204 et
1785 2138 2040 2206 dictum
2084 2141 2359 2228 quidem

279 2241 469 2334 quod
504 2247 753 2310 'verum
776 2242 863 2305 est
878 2279 900 2316 ,
943 2253 1217 2331 oportet
1259 2254 1483 2311 tamen
1517 2242 1876 2328 dilucidius
1894 2243 2007 2309 “de
2034 2266 2115 2311 ea
2143 2269 2362 2335 expo-

280 2346 393 2426 ni3
437 2342 704 2411 difficile
731 2356 896 2412 vero
920 2344 1321 2436 praesertim
1344 2348 1523 2445 quod
1558 2346 1752 2435 prius
1789 2340 2177 2412 dubitanter
2224 2349 2365 2413 dis-

280 2446 643 2515 serendum
688 2449 777 2525 est
813 2447 897 2513 de
939 2449 1097 2533 igne
1137 2447 1361 2531 eisque
1398 2469 1571 2534 quae
1605 2470 1767 2516 cum
1803 2451 1960 2535 igne
2001 2448 2364 2516 coniuncta

277 2551 436 2617 sunt
461 2550 648 2616 illius
676 2551 903 2625 causa3
950 2551 1033 2614 de
1061 2551 1309 2614 horum
1340 2549 1524 2614 enim
1551 2573 1822 2638 quoque
1853 2551 2112 2630 dicere,
2158 2552 2365 2638 quid-

260 2675 448 2719 ‚nam
486 2674 651 2739 vere
687 2671 934 2737 aquam
959 2661 1273 2738 oporteat
1286 2651 1629 2727 nominari
1655 2651 1876 2740 potius
1903 2674 2108 2739 quam
2135 2652 2362 2741 ignem

283 2765 358 2820 et
383 2740 711 2842 quidnam
744 2753 1013 2841 quidvis
1055 2752 1278 2841 potius
1309 2772 1515 2838 quam
1549 2764 1823 2835 cuncta,
1866 2753 2077 2841 idque
2116 2755 2203 2821 de
2231 2758 2366 2822 {in-‘-

282 2856 462 2945 gulis
500 2854 598 2920 ita
638 2865 718 2922 ut
754 2866 940 2923 certa
977 2853 1325 2940 stabilique
1368 2867 1640 2923 utamur
1683 2856 2020 2940 oratione,
2063 2858 2362 2926 difficile.

286 2957 636 3046 quomodo
659 2955 866 3044 igitur
890 2956 1018 3022 hoc
1038 2956 1257 3046 ipsum
1289 2968 1355 3022 et
1383 2958 1699 3044 quorsum
1721 2970 1789 3024 et
1804 2959 1962 3046 quid
1989 2961 2073 3027 de
2102 2964 2192 3028 eis
2217 2963 2369 3036 iure

287 3062 674 3127 dubitantes
701 3057 1042 3124 dicemus?
1070 3059 1375 3148 primum
1398 3059 1673 3149 quidem
1697 3063 1880 3149 quod
1908 3085 2092 3130 nunc
2118 3074 2369 3149 aquam

288 3162 610 3244 diximus,
627 3160 695 3225 id
725 3163 1225 3247 concretum,ni
1237 3161 1557 3243 fallimur,
1574 3163 1826 3251 lapides
1852 3174 1919 3231 et
1942 3175 2187 3232 terram
2217 3163 2369 3241 fied

288 3264 753 3352 conspicimu8‚
781 3263 1222 3352 liquefactum
1248 3278 1481 3332 autem
1504 3276 1569 3332 et
1599 3266 1999 3335 dissolutum
2023 3268 2204 3334 idem
2238 3267 2368 3329 hoc

288 3377 576 3433 ventum
607 3379 676 3431 et
704 3367 954 3449 aeirem,
968 3367 1267 3432 exustum
1300 3389 1466 3433 vero
1495 3368 1722 3436 aerem
1750 3370 1997 3458 ignem,
2015 3379 2250 3435 contra
2267 3364 2367 3450 ig-

286 3489 457 3534 nem
475 3480 862 3535 concretum
878 3480 945 3534 et
959 3468 1350 3539 exstinctum
1363 3470 1432 3538 iu
1446 3470 1623 3538 aeris
1638 3474 1922 3562 speciem
1935 3466 2199 3539 reverti,
2219 3487 2369 3530 rur·

289 3572 540 3655 susque
562 3570 788 3635 aerem
819 3572 1174 3639 coeuntem
1207 3585 1276 3653 et
1305 3574 1649 3641 densatum
1669 3576 1937 3642 vnubem
1954 3579 2019 3634 et
2048 3566 2371 3633 nebulam

293 3672 474 3756 fieri,
498 3695 587 3739 ex
617 3671 721 3738 his
750 3674 955 3741 etiam
990 3675 1200 3762 magis
1225 3678 1589 3766 compactis
1619 3677 1945 3744 fluentem
1976 3692 2248 3756 aquam,
2287 3692 2374 3739 ex

295 3797 476 3861 aqua
492 3787 750 3841 terram
777 3788 844 3840 et
863 3776 1392 3866 lapidearursus,
1418 3781 1490 3845 in
1506 3778 1741 3847 orbem
1765 3780 1860 3845 ita
1872 3778 2053 3842 inter
2066 3772 2154 3854 se,
2176 3771 2375 3857 akvi-

299 3875 501 3941 detur
519 3926 538 3959 ‚
567 3877 896 3943 trade-'ntia
923 3892 1171 3955 ortum.
1214 3881 1312 3946 ita
1336 3881 1542 3967 igitur
1569 3904 1783 3970 quum
1805 3882 2372 3963 haecxnumquam

298 3978 541 4046 eadem
578 3980 708 4046 sese
746 3981 1146 4057 exhibeant,
1193 3983 1514 4071 quidnam
1551 4003 1788 4047 eorum
1833 3983 1959 4049 hoc
1989 3981 2376 4075 qualeeum·
2448 3994 2453 4007 '

1806 4157 1962 4256 Ma
2060 4144 2087 4161 Ι,
