2738 4600
1099 319 1739 402 pomum-lx.
2421 340 2500 421 φ

382 501 955 591 quemadmodum
986 494 1381 590 voluptates
1405 504 1480 569 in
1520 525 1602 601 eo
1626 502 1934 590 posterae
1953 494 2153 593 plura
2178 513 2466 593 appete-
2493 538 2500 547 ·

389 606 551 673 bant
571 629 776 691 quam
807 607 1064 692 priores
1092 605 1350 693 hasque
1378 605 1782 696 spoliabant,
1814 604 1918 672 ita
1948 607 2154 674 etiam
2181 607 2321 696 ipse
2349 606 2470 673 iu·-

383 707 540 775 nior
570 709 772 794 plura
802 709 1054 774 habere
1087 709 1446 773 contendet
1478 724 1681 795 quam
1723 721 1919 797 pater
1957 722 2022 775 et
2059 723 2283 777 mater
2310 733 2500 776 eos--

383 831 520 896 que
548 810 857 898 spoliare,
897 834 1107 899 quum
1140 821 1406 898 partem
1437 813 2159 902 suamoonsumpferit,
2178 825 2468 902 paterna

383 913 566 978 bona
594 914 676 978 ad
718 917 785 979 se
818 913 1212 978 vindicans?
1256 911 1570 1002 Quidni?
1614 915 1855 1002 inquit.
1943 916 2262 989 Parentes
2291 939 2464 982 vero

389 1017 436 1080 fi
473 1016 534 1080 ei
564 1040 703 1082 non
732 1017 1166 1105 permittant,
1223 1037 1452 1081 nonne
1494 1017 1812 1105 primum·
1839 1018 2184 1086 furabitur
2214 1042 2468 1109 eosque
2536 1026 2540 1031 '

390 1118 868 1185 defraudabit‘?
926 1120 1201 1185 Prorsus
1226 1117 1340 1185 ita.
1427 1118 1677 1208 Quodsi
1714 1144 1852 1187 non
1884 1122 2495 1210 potueritprapiet·

388 1232 477 1297 et¹
510 1220 581 1286 vi
625 1222 892 1288 auferet
940 1220 1228 1286 deinde?
1282 1222 1628 1301 Arbitror,
1679 1223 1920 1307 inquit.
2008 1226 2510 1293 Resistentibus-

384 1322 593 1411 igitur
638 1348 714 1391 ac
738 1321 1307 1412 repugnantibus,
1351 1347 1396 1388 o
1426 1324 1984 1414 praestantissime,
2027 1329 2184 1393 sene
2214 1338 2283 1391 et
2311 1326 2470 1394 ani-

388 1429 574 1504 cula,
620 1451 789 1493 num
827 1426 1254 1493 reverebitur
1292 1438 1359 1492 et
1401 1429 1768 1514 tyrannicis
1793 1429 2152 1496 abstinebit
2182 1431 2470 1498 actioni·

271 1565 291 1577 ·
386 1529 573 1595 bus?
613 1532 768 1597 Non
793 1534 970 1610 sane,
1011 1528 1264 1616 inquit,
1327 1529 1643 1615 equidem
1689 1530 1861 1598 bene
1897 1534 2091 1623 spero
2134 1532 2220 1598 de
2263 1532 2510 1601 huius'

386 1616 796 1719 parentibus.
884 1635 976 1701 Et
1003 1632 1251 1713 hercle,
1294 1631 1676 1714 Adimante,
1719 1646 2003 1722 propter
2028 1634 2319 1701 amicam
2349 1657 2472 1702 re«

392 1754 550 1799 cens
598 1735 903 1804 dilectam
939 1758 1066 1802 nec
1111 1736 1546 1801 neceffariam
1594 1735 1849 1801 dudum
1884 1735 2196 1804 dilectam
2233 1750 2301 1804 et
2339 1761 2478 1804 ne·-

386 1838 727 1940 cefl‘ariam
773 1852 1104 1917 matrem,
1159 1838 1271 1902 vel
1308 1848 1590 1923 propter
1616 1835 1993 1903 formosum
2029 1861 2268 1904 recens
2302 1839 2474 1906 dile..

389 1950 578 2005 ctum
608 1929 732 2008 nec
752 1940 1199 2009 necessarium
1234 1936 1608 2001 deformem
1641 1948 1708 2001 et
1733 1937 2161 2006 neceffarium
2205 1953 2474 2029 patrem

391 2043 624 2107 senem
643 2055 714 2106 et
743 2044 1001 2108 amicor
1003 2065 1121 2107 um
1152 2038 1678 2124 antiquisfimum
1702 2039 1973 2107 videtur
2013 2041 2136 2108 tila·
2167 2044 2278 2110 hic
2304 2069 2478 2112 ver-

390 2146 757 2212 beraturus
783 2145 1195 2229 illorumque
1211 2141 1487 2208 servitio
1504 2140 1919 2208 subiecturus
1956 2148 2102 2227 effe,
2118 2148 2161 2212 fi
2184 2149 2472 2219 eandem

390 2241 775 2316 in‘domum
805 2250 1027 2313 secum
1062 2244 1382 2316 duxerit?
1426 2245 1603 2321 Sane
1632 2245 1899 2333 quidem
1934 2246 2179 2331 hercle,
2223 2251 2475 2337 inquit.

392 2352 786 2421 Admodum
819 2351 1283 2431 fortunatum,
1324 2349 1642 2435 inquam)
1678 2349 1956 2417 videtur
1996 2357 2125 2417 esse
2158 2353 2478 2440 tyranni-

391 2479 548 2522 cum
580 2454 795 2522 filium
830 2475 1213 2542 procreare.
1298 2451 1452 2519 Non
1491 2453 1685 2531 sane,
1727 2449 1965 2537 inquit.
2056 2451 2242 2541 Quid
2288 2476 2476 2537 vero,
2521 2490 2526 2494 ·

391 2560 439 2624 fi
481 2569 761 2648 paterna
802 2568 870 2620 et
915 2567 1226 2620 materna
1263 2553 1440 2619 bona
1494 2577 1652 2619 eum
1697 2553 2061 2635 deficiunt,
2126 2556 2475 2646 copiosum

298 2731 311 2738 ,
392 2683 566 2732 vero
595 2660 733 2727 iam
769 2659 1120 2738 collectum
1154 2659 1243 2720 est
1275 2656 1345 2722 in
1373 2679 1455 2721 eo
1481 2658 1909 2742 voluptatum
1944 2680 2252 2739 examen,
2300 2684 2474 2725 non·

392 2785 483 2827 ne
512 2762 812 2851 primurn
846 2760 1120 2847 quidem
1162 2759 1402 2824 domus
1443 2759 1723 2825 alicuius
1760 2758 2108 2825 adorietur
2149 2761 2478 2848 parietem

391 2865 506 2931 vel
544 2866 689 2931 sero
728 2864 942 2933 noctis
989 2861 1434 2952 proficiscenti
1485 2861 1770 2949 pallium
1826 2863 2172 2943 detrahet,
2231 2865 2475 2930 deindo

391 2984 561 3031 vero
601 2968 928 3054 templum
980 2962 1436 3055 exspoliabit?
1497 2976 1564 3028 et
1602 2964 1677 3030 in
1714 2965 1818 3030 his
1849 2965 2126 3052 quidem
2161 2966 2484 3031 omnibus

396 3090 562 3154 quas
589 3068 858 3156 pridem
891 3069 1152 3135 tenebat
1184 3066 1539 3133 sententias
1568 3090 1607 3132 a
1637 3089 1849 3155 puero
1892 3069 1974 3133 de
2017 3066 2220 3134 rebus
2254 3067 2480 3134 hone·-

392 3169 509 3240 ssia
533 3193 609 3240 ac
640 3183 755 3236 tur
806 3171 989 3250 ibus,
1032 3193 1165 3259 pro
1206 3168 1387 3235 iustis
1421 3168 1570 3233 illas
1622 3168 1896 3255 quidem
1934 3169 2215 3248 habitas,
2257 3188 2484 3258 nuper
2566 3155 2573 3165 ⁸

393 3271 719 3339 servitute
774 3273 1069 3337 iberatae
1094 3272 1365 3340 Amoris
1377 3264 1703 3338 satellites
1733 3272 2145 3359 superabunt
2176 3295 2332 3339 cum
2362 3271 2482 3357 ip-

395 3375 508 3450 s03
557 3397 730 3462 quae
773 3376 963 3466 prius
1002 3376 1276 3460 quidem
1319 3373 1539 3463 specie
1576 3374 2111 3443 liberabantur
2090 3397 2164 3440 m
2208 3370 2483 3451 somnia,

399 3498 610 3562 quum
642 3478 789 3565 ipse
831 3475 1338 3564 adhucdegibus
1371 3490 1440 3543 et
1469 3478 1642 3565 patri
1676 3478 2015 3556 obediret,
2058 3470 2427 3560 populari
2403 3492 2484 3541 m
2513 3543 2530 3566 s

399 3580 468 3642 se
497 3579 785 3666 imperio
829 3580 1191 3660 subiectus,
1237 3577 1511 3646 Amoris
1546 3601 1711 3644 vero
1747 3574 2095 3667 tyrannidi
2122 3572 2487 3660 subiectus,
2521 3639 2526 3644 .

394 3683 792 3770 postquam,‘
816 3684 1077 3767 qualem
1115 3684 1184 3747 se
1212 3680 1812 3767 raropraebuerat
1840 3675 2096 3767 specie,
2141 3699 2316 3743 vero
2330 3678 2484 3746 talis

396 3786 666 3872 semper
694 3781 908 3853 factus
940 3787 1052 3868 est,
1097 3807 1316 3871 nequo
1339 3782 1489 3849 dira
1514 3782 1736 3878 aliqua
1762 3778 1965 3847 caede
1993 3776 2351 3848 abstinebit
2368 3803 2489 3847 ne-

401 3907 531 3971 que
579 3885 969 3952 heluatione
1009 3909 1228 3973 neque
1269 3885 1607 3963 facinore,
1668 3881 1777 3946 sed
1830 3882 2227 3963 tyrannicus
2270 3882 2346 3947 in
2401 3902 2484 3980 eo

300 4003 321 4035 ·
403 3987 617 4053 Amor
663 3987 739 4053 in
783 3986 1020 4077 quavis
1061 3987 1335 4077 imperii
1377 4010 1459 4054 ac
1495 3988 1723 4072 legum
1765 3980 2188 4055 dissolutione
2226 3981 2488 4056 vivens.
