2738 4600
1108 283 1613 411 τιΜΑΕυε.
1685 405 1696 413 ,
2280 362 2401 429 117

314 511 911 581 transfundendam
932 560 952 596 ,
997 524 1064 579 et
1093 536 1181 580 ex
1220 513 1304 579 ad
1315 514 1468 579 ultis
1494 525 1787 582 rectores
1818 522 2137 602 oportere
2168 509 2404 597 inqui-

313 622 536 682 rentes
581 616 812 704 dignos
867 639 1170 704 quosque
1217 618 1452 683 rursus
1496 617 1822 697 evehere,
1875 614 2184 704 indignos
2233 635 2402 680 vero

308 718 484 808 apud
515 719 583 782 se
605 719 678 785 in
705 722 930 787 locum
963 734 1360 787 evecturum
1388 718 1805 789 transferre?

457 869 467 876 ’
489 857 603 923 Τι’.
645 857 762 925 Ita.

450 1060 451 1063 ,
486 993 591 1062 So.
632 994 812 1061 Num
838 1018 1008 1061 vero
1038 995 1158 1060 illa
1185 994 1322 1061 iam
1359 994 1799 1083 exposuimus
1827 990 2401 1079 quemadmodum

313 1094 459 1160 heri
478 1144 497 1176 ‚
542 1097 792 1184 quippe
823 1120 1006 1163 nunc
1034 1096 1426 1165 summatim
1456 1119 1532 1163 ea
1560 1110 1939 1186 repetentes
1958 1097 1991 1161 ’ἓ
2035 1119 2123 1162 an
2152 1095 2403 1160 defide-

311 1219 540 1263 ramus
588 1201 809 1264 adhuc
859 1200 1107 1284 aliquid
1142 1201 1517 1283 dictorum,
1575 1210 1796 1268 ocare
1845 1202 2165 1284 Timaee‚
2220 1208 2403 1265 tam·-

311 1321 513 1385 quam
553 1284 1144 1387 praetermissum?
1252 1300 1253 1303 '

491 1422 596 1490 Ti.
653 1421 1146 1506 Nequaquam,
1207 1423 1319 1488 sed
1361 1422 1503 1514 ipsa
1555 1424 1722 1492 haec
1780 1424 1934 1488 suut
1988 1421 2208 1505 dicta,
2267 1418 2400 1488 So·-

305 1535 519 1589 crate.

483 1637 590 1703 So.
637 1639 879 1706 Audite
917 1642 1054 1708 iam
1100 1645 1413 1733 deinceps
1463 1645 1545 1710 de
1596 1645 1866 1710 civitate
1920 1664 2126 1729 quam
2163 1641 2401 1729 perse-

311 1742 510 1827 quuti
556 1743 820 1822 sumus,
869 1748 1209 1829 quomodo
1253 1749 1324 1811 in
1365 1769 1516 1812 eam
1564 1736 1897 1810 animatus
1915 1748 2054 1810 sun.
2115 1744 2210 1807 ita
2240 1763 2399 1806 vero

313 1856 697 1929 comparata
721 1845 994 1911 videtur
1022 1847 1189 1912 mihi
1219 1853 1346 1914 effe
1378 1848 1546 1912 haec
1578 1845 1865 1929 affectio,
1908 1857 1984 1910 ut
2013 1845 2057 1908 fi
2082 1842 2233 1929 quis
2264 1841 2401 1907 ani-

309 1945 567 2010 mantia
615 1947 903 2035 pulchra
944 1947 1192 2013 alicubi
1228 1949 1633 2036 spectaverit
1682 1950 1819 2013 five
1865 1947 2128 2033 pictura
2185 1943 2402 2010 efficta

308 2049 447 2110 five
481 2067 715 2110 revera
766 2048 954 2127 viva,
1001 2050 1107 2114 fed
1144 2051 1400 2136 quieta,
1447 2061 1512 2114 et
1547 2050 1870 2115 desiderio
1912 2046 2240 2114 afficiatur
2284 2044 2398 2111 vi-

315 2147 520 2215 dendi
545 2150 882 2232 quomodo
911 2164 977 2214 et
1004 2154 1139 2240 ipsa
1163 2148 1667 2219 moveantur'et
1690 2150 1944 2237 aliquid
1960 2173 2195 2216 eorum
2223 2170 2395 2236 quae

313 2251 588 2339 corpori
619 2250 975 2319 videantur
1009 2256 1366 2321 convenire
1398 2255 1720 2321 certando
1754 2255 2225 2340 exsequantur.
2272 2273 2397 2316 eo·-

312 2353 466 2418 dem
497 2375 620 2440 ego
649 2375 916 2444 quoque
946 2359 1149 2422 modo
1164 2359 1509 2424 animatus
1534 2361 1685 2423 sum
1714 2359 1789 2422 in
1815 2357 2159 2423 civitatem
2192 2373 2395 2439 quam

254 2491 259 2497 ·
311 2456 808 2544 descripsimus3
855 2460 1140 2525 libenter
1173 2462 1357 2525 enim
1390 2462 1688 2547 aliquem
1734 2458 2119 2525 audiverim
2174 2453 2395 2520 verbis

315 2572 764 2646 exponentem
804 2564 1174 2628 certamina
1204 2587 1379 2649 quae
1418 2563 1578 2628 urbs
1607 2573 1824 2626 tentet
1852 2557 2193 2648 quomodo
2225 2577 2395 2621 con-

315 2663 491 2726 serat
554 2684 709 2727 cum
771 2662 914 2727 aliis
969 2664 1250 2747 urbibus
1277 2713 1300 2744 ,
1389 2668 1718 2731 decenter.
1778 2664 1866 2730 adx
1917 2662 2178 2727 bellum
2227 2682 2396 2746 pro-

312 2764 653 2830 ficiscatur
713 2778 780 2830 et
843 2765 930 2831 in·
978 2788 1206 2854 pugna
1259 2768 1581 2832 exhibeat
1635 2789 1810 2853 quae
1864 2765 2266 2830 institutioni
2327 2772 2398 2825 et

312 2868 688 2935 educationi
723 2872 1164 2951 conveniant,
1207 2880 1340 2935 tam
1381 2870 1452 2934 in
1492 2870 1693 2935 rebus
1733 2868 2038 2957 gerendis
2083 2887 2289 2952 quam
2321 2863 2396 2927 in

313 2976 702 3038 sermonum
745 2974 1148 3039 commercio
1197 2996 1351 3038 cum
1401 2972 1669 3059 siugulis
1710 2970 2112 3038 civitatibus.
2172 2969 2244 3033 in
2286 2965 2420 3068 his&

162 3107 167 3114 ⁴
281 3075 553 3162 igitur,
617 3074 827 3140 Critia
876 3088 941 3140 et
977 3077 1448 3159 Hermocrate,
1504 3077 1678 3142 mihi
1722 3075 1861 3163 ipse
1921 3076 2195 3161 despero
2244 3068 2397 3135 sore

315 3200 641 3263 umquam
671 3189 749 3241 ut
780 3180 1089 3245 virorum
1129 3193 1196 3246 et
1224 3180 1508 3245 civitatis
1535 3179 1683 3244 satis
1730 3179 1966 3268 posfim
2013 3177 2239 3244 laudes
2278 3197 2397 3239 ce-

312 3281 604 3349 lebrare.
651 3301 730 3343 ac
755 3281 935 3364 quod
971 3283 1052 3347 ad
1077 3306 1190 3350 me
1217 3283 1491 3361 attinet,
1523 3281 1704 3347 haud
1738 3281 1803 3346 id
1838 3280 2258 3356 mirandum,
2285 3273 2431 3337 sed-

318 3384 603 3449 eandem
630 3382 1025 3447 sententiam
1056 3396 1254 3450 teneo
1289 3385 1492 3449 etiam
1525 3385 1607 3449 de
1633 3386 1877 3450 veteris
1910 3383 2124 3467 aeque
2159 3399 2237 3443 ac
2265 3398 2400 3439 no-

316 3488 485 3551 strae
513 3485 881 3550 memoriae
922 3486 1173 3574 poetiS,
1216 3489 1742 3574 haudquaquam
1787 3486 2129 3575 poeticum
2172 3478 2400 3562 despi-

317 3588 496 3654 ciens
526 3609 772 3673 genus,
815 3590 924 3654 sed
955 3590 1228 3655 cuilibet
1256 3603 1443 3679 patet
1477 3588 1899 3657 imitatorum
1943 3584 2285 3650 nationem
2321 3580 2399 3646 in

320 3690 566 3778 quibus
584 3687 860 3754 educata
884 3690 1103 3756 'fuerit
1129 3715 1205 3757 ea
1234 3692 1653 3758 imitaturam
1689 3696 1813 3758 effe
1844 3686 2161 3754 facillime
2177 3696 2241 3747 et
2270 3705 2400 3773 op-
2470 3763 2474 3766 ι

318 3794 515 3874 time,
562 3804 763 3858 extra
792 3791 1266 3860 institutionem
1319 3816 1486 3859 vero
1528 3794 1770 3877 cuique
1810 3791 2096 3877 positum
2132 3786 2398 3857 difficile

322 3902 447 3962 effe
478 3920 555 3962 re
577 3944 595 3977 ‚
643 3894 979 3981 etiamque
1025 3881 1359 3962 difficilius
1391 3895 1605 3960 verbis
1635 3894 1719 3958 ad
1759 3892 1932 3956 bene
1969 3890 2397 3956 imitandum.

317 4000 755 4085 sophistarum
790 4008 1017 4064 autem
1039 4018 1241 4082 genus
1270 3999 1638 4062 multarum
1669 3993 1939 4081 quidem
1956 3994 2396 4085 pulchrarum

320 4103 704 4169 orationum
739 4101 1032 4191 peritum
1071 4101 1393 4178 existimo,
1426 4098 1540 4164 sed
1577 4119 1821 4166 vereor
1852 4122 1960 4182 ne,
2006 4099 2256 4186 quippe
2288 4116 2403 4158 er·-
