2738 4600
1091 317 1611 389 TIMAEUS.
2257 324 2380 395 251

301 506 457 585 pter
488 491 704 559 'divini
723 500 1085 557 concentus
1109 488 1558 557 imitationem
1595 491 1669 557 in
1696 495 2086 565 mortalibus
2116 503 2384 592 expres.

304 600 445 662 sam
478 593 953 684 agitationibus
991 605 1243 659 creant.
1329 596 1552 683 Atque
1597 593 1796 662 etiam
1825 599 2003 683 quod
2043 599 2127 665 ad
2162 624 2385 691 ,aqua-

261 729 266 735 ·
305 723 461 766 rum
504 698 795 765 flumina
835 698 1112 774 attinet,
1153 708 1506 784 praeterea
1548 694 1632 761 ad
1677 696 2290 772 fulminum.iactus
2319 718 2389 774 et

302 801 773 867 admirabilem
813 802 1042 867 electri
1092 799 1540 917 lapidumque
1582 798 2048 871 Heracliorum
2089 808 2232 877 vim
2276 822 2387 877 at.-

302 903 653 986 trahendi,
711 903 957 970 horum
1004 902 1315 993 omnium
1375 904 1545 970 nulli
1606 924 1938 989 umquam
1983 919 2235 980 tractus
2275 915 2386 997 est,

300 1007 414 1072 sed
449 1030 528 1072 eo
558 1007 745 1102 quod
782 1028 1074 1073 vacuum
1115 1002 1286 1071 nihil
1315 1008 1437 1088 est,
1482 1002 1599 1072 illa
1629 1008 1698 1072 se
1740 1007 1885 1095 ipsa
1920 1008 1999 1074 in
2045 1012 2116 1076 se
2160 1019 2387 1103 repel-

301 1109 454 1181 lunt
488 1112 846 1196 omniaque
880 1108 1170 1175 discreta
1204 1120 1274 1173 et
1310 1056 1633 1176 collecta
1612 1132 1687 1174 m
1714 1112 1901 1175 suam
1949 1113 2247 1199 quidque
2275 1119 2387 1182 se..-

305 1211 459 1277 dem
498 1224 951 1297 permutatam
1005 1211 1566 1297 progrediuntur,
1610 1224 1890 1301 propter
1928 1213 2048 1282 has
2082 1216 2387 1286 affectio,-

303 1336 422 1379 nes
469 1314 650 1381 inter
689 1318 759 1379 se
803 1334 1141 1379 connexas
1182 1313 1699 1381 admirationem
1727 1336 2008 1383 movere
2036 1318 2172 1388 rite
2192 1320 2377 1392 inve„-

302 1417 559 1503 stiganti
590 1416 1021 1484 videbun-tur.

478 1621 703 1705 Atque
728 1619 929 1684 etiam
963 1617 1345 1705 respi1·at10‚
1389 1616 1574 1683 unde
1603 1623 1848 1704 egreffa
1877 1625 1966 1687 est
1997 1628 2250 1705 oratio,
2277 1631 2387 1700 ic..

306 1723 486 1789 circo
539 1735 606 1787 et
653 1723 771 1788 has
823 1723 908 1786 ob
950 1722 1178 1786 causas
1232 1720 1510 1799 exstitit,
1567 1724 2142 1807 quemadmodum
2183 1735 2388 1822 supra

309 1825 561 1892 dictum
604 1828 729 1906 est3
773 1825 927 1911 quia
949 1821 1305 1890 videlicet
1286 1824 1458 1909 ignis
1488 1824 1673 1888 cibos
1701 1825 1984 1910 dividit,
2009 1828 2193 1898 intus
2219 1855 2391 1899 vero

305 1928 657 2018 suspensus
695 1941 963 1993 tenetur
1000 1936 1116 1992 ae'i·
1117 1948 1362 2014 emque
1390 1925 1733 2012 sequitur,
1778 1939 1846 1992 et
1880 1952 2090 1996 venas
2116 1956 2202 2000 ex
2232 1936 2390 2001 alvo

305 2054 441 2096 una
469 2032 767 2096 sublatus
797 2031 1031 2117 implet
1062 2052 1140 2094 eo
1174 2029 1352 2114 quod
1383 2026 1596 2094 divisa
1624 2029 1787 2095 iude
1818 2032 2166 2116 exhaurit,
2207 2038 2388 2112 hanc

307 2134 581 2221 quidem
619 2136 705 2198 ob
736 2136 1000 2199 causam
1033 2143 1254 2197 totum
1291 2152 1419 2218 per
1443 2152 1685 2218 corpus
1730 2135 2044 2210 omnibus
2071 2140 2393 2207 animan-

255 2310 278 2331 χ
308 2237 487 2304 tibus
526 2236 825 2305 alimenti
877 2237 1012 2303 rivi
1060 2234 1152 2299 ita
1195 2232 1669 2305 infunduntur.
1747 2261 1983 2306 recens
2024 2261 2186 2308 vero
2228 2243 2390 2312 secti

308 2365 518 2431 quum
577 2344 695 2406 fint
739 2351 806 2405 et
845 2360 883 2403 a
923 2337 1219 2426 cognatis
1261 2336 1593 2427 profecti,
1654 2342 1902 2428 partim
1951 2364 1993 2406 a
2035 2341 2389 2422 fructibus,

305 2445 549 2532 partim
600 2469 640 2510 a
675 2441 1015 2529 gramine,
1075 2461 1245 2525 quae
1293 2438 1567 2523 quidem
1629 2440 1794 2506 deus
1845 2441 2021 2508 hanc
2054 2445 2265 2533 ipsam
2301 2442 2390 2513 ob
2431 2489 2435 2493 -

279 2549 575 2612 ‘causam
616 2546 806 2609 nobis
846 2543 1057 2620 sevit,
1105 2552 1185 2606 ut
1211 2540 1531 2605 alimenta
1575 2539 1810 2621 essent,
1852 2544 2074 2609 varios
2117 2545 2391 2637 quidem

311 2648 569 2714 colores
617 2646 872 2710 habent
919 2654 1201 2731 propter
1256 2641 1825 2760 permixtionem,
1890 2644 2102 2710 ruber
2160 2658 2393 2719 tamen

307 2749 610 2817 maxime
649 2747 721 2812 in
767 2746 845 2810 iis
887 2744 1282 2833 conspicuus
1324 2746 1449 2825 est,
1492 2743 1665 2831 ignis
1706 2746 1894 2813 divifi
1919 2748 2083 2813 etin
2109 2749 2392 2836 humido

308 2851 594 2937 expressi
623 2862 868 2915 natura
895 2846 1146 2930 efficta3
1191 2847 1375 2931 unde
1404 2846 1546 2913 eius
1582 2850 1757 2936 quod
1793 2873 1922 2938 per
1955 2873 2196 2938 corpus
2236 2853 2394 2919 fluit

308 2956 489 3019 color
508 2955 706 3018 talem
740 2952 947 3019 habet
978 2952 1355 3037 adspectum
1387 2950 1655 3037 qualem
1684 2950 2178 3043 descripfimus3
2209 2955 2390 3072 quod

310 3057 584 3143 quidem
613 3054 1003 3142 sanguinem
1035 3054 1490 3142 appellamus,
1525 3050 1852 3139 pabulum
1893 3057 2202 3124 carnium
2232 3057 2394 3125 uui·-

275 3162 617 3242 ·verfique
658 3159 991 3246 corporis,
1049 3158 1233 3223 unde
1276 3154 1554 3242 irrigata
1595 3175 1903 3244 quaeque
1943 3156 2227 3245 implent
2266 3181 2392 3225 ex-

309 3261 527 3327 hausti
548 3260 746 3326 basin.
794 3260 1035 3326 modus
1062 3270 1291 3326 autem
1313 3257 1642 3346 implendi
1663 3269 1729 3322 et
1747 3259 2190 3326 exhauriendi
2207 3259 2390 3325 idem

312 3366 401 3428 est
425 3348 663 3447 quoin
710 3362 1128 3427 univerfitate
1153 3360 1455 3448 quidque
1493 3359 1746 3441 fertur,
1791 3374 2149 3450 cognatum
2198 3361 2394 3426 vide-

311 3466 471 3531 licet
505 3464 799 3550 quidque
829 3465 910 3529 ad
940 3466 1148 3530 semet
1172 3466 1415 3552 ipsum.
1463 3486 1542 3528 ea
1573 3462 1753 3530 enim
1785 3487 1958 3551 quae
1988 3463 2394 3531 extrinsecus

311 3590 442 3634 nos
486 3566 899 3632 circumdant
945 3565 1392 3652 liquefaciunt
1430 3568 1696 3656 semper
1738 3578 1802 3632 et
1843 3564 2258 3634 distribuunt
2306 3565 2392 3631 ad

314 3668 603 3760 speciem
647 3689 985 3758 quamque
1026 3681 1379 3754 cognatam
1421 3668 1796 3749 mittentia3
1859 3667 2223 3756 sanguinea
2263 3688 2393 3734 au-

310 3786 451 3839 tem
472 3821 492 3852 ,
535 3770 919 3836 minutatim
948 3771 1276 3859 discerpta
1304 3771 1378 3835 in
1406 3769 1597 3837 nobis
1624 3784 1692 3837 et
1715 3769 2192 3856 comprehensa
2223 3780 2393 3838 tam·

313 3898 519 3962 quam
547 3899 587 3940 a
617 3873 798 3940 caelo
830 3873 914 3939 ab
944 3872 1288 3938 animante
1313 3894 1588 3960 quoque
1616 3874 2009 3961 compofito,
2051 3872 2256 3940 totius
2291 3899 2394 3942 co·

314 3991 567 4067 guntur
597 3977 848 4044 imitari
873 3978 1177 4043 cursum:
1222 3975 1304 4041 ad
1339 3986 1697 4062 cognatum
1731 3973 1938 4061 igitur
1979 3976 2146 4043 dum
2177 3976 2396 4045 fertur

314 4080 615 4170 quidque
651 4103 896 4150 eorum
939 4103 1114 4171 quae
1157 4082 1339 4148 intus
1379 4082 1627 4169 paxtita
1650 4077 1809 4145 sunt
1830 4077 2217 4148 exhaustum
2247 4092 2396 4147 tum
