2738 4600
1090 314 1586 395 TlMAEus.
2142 305 2147 311 ’
2254 318 2375 408 195

284 495 510 588 figura
537 510 750 580 eaque
786 482 1078 554 minima
1122 491 1505 577 compofita.
1566 502 1636 558 et
1675 490 2080 573 elementum
2115 488 2270 588 eius,
2285 493 2381 569 est

186 597 191 603 ’
287 618 569 690 eaquae
590 597 839 662 lineam
870 611 1044 676 quac
1076 590 1326 657 dicitur
1346 593 1871 662 subtend'entem·
1899 594 2106 684 duplo
2123 594 2376 679 longio-

285 725 438 770 rem
471 698 781 764 breviore
811 696 1021 761 later-e
1048 691 1289 776 habet,
1349 696 1526 762 duae
1556 710 1787 772 autem
1823 696 2018 763 fimul
2044 696 2379 764 eiusmodi

284 802 656 870 secundum
686 800 931 866 lineam
961 795 1385 882 diagonalem
1413 801 1456 863 fi
1487 809 2000 887 componuntur
2026 811 2261 888 terque
2304 799 2374 866 id

283 907 365 975 fit
387 907 498 971 ita·
523 915 603 968 ut
644 899 1022 988 diagonalia
1057 910 1124 962 et
1151 898 1390 984 brevia
1415 905 1631 969 latera
1662 902 1736 967 in
1768 921 1983 968 unum
2018 915 2369 989 tamquam

283 1021 603 1078 centrum
634 1004 1018 1092 infigantur,
1063 1023 1280 1069 uuum
1311 1007 1618 1092 aequalia
1648 1006 1856 1071 latera
1883 1004 2138 1072 habens
2166 1006 2377 1072 triau-

279 1113 520 1201 gulum
563 1128 651 1175 ex
687 1108 793 1173 his
834 1127 1010 1193 quae
1035 1106 1151 1170 sex
1182 1107 1337 1173 funt
1381 1130 1672 1176 numero
1714 1106 1985 1183 exsistit3
2035 1107 2376 1195 triangula

285 1228 528 1283 autem
558 1209 864 1297 aequalia
889 1210 1102 1275 latera
1130 1207 1477 1275 habentia
1474 1221 1706 1308 quum
1737 1222 2067 1299 quattuor
2088 1231 2377 1298 compo-

280 1329 542 1387 nuntur
577 1313 951 1379 secundum
993 1322 1129 1376 tres
1158 1312 1347 1377 fimul
1386 1316 1669 1398 angulos
1703 1318 1939 1404 planos
1967 1335 2184 1379 unum
2212 1313 2377 1379 soli-

280 1423 452 1489 dum
482 1417 808 1505 angulum
842 1410 1168 1494 efficiunt,
1214 1414 1329 1499 qui
1363 1414 1838 1485 obtufiffimum
1868 1418 2378 1531 planoruman-

280 1525 602 1615 gulorum
632 1514 906 1603 excipit·,
947 1513 1051 1580 his
1079 1536 1240 1580 vero
1264 1516 1580 1588 absolutis
1597 1532 1940 1608 quattuor,
1969 1518 2200 1605 prima.
2219 1519 2375 1606 spe-

284 1630 427 1695 cies
454 1623 662 1689 solida
686 1617 1123 1705 componitur
1151 1640 1324 1703 quae
1365 1632 1583 1689 totum
1618 1622 1981 1692 circuitum
2017 1620 2088 1686 in
2115 1642 2375 1706 aequa-

280 1733 388 1798 les
431 1722 776 1791 distribuit
800 1720 1173 1808 similesque
1200 1734 1448 1811 partes,
1504 1726 1792 1793 secunda
1820 1746 1908 1788 ex
1938 1722 2192 1788 eisdem
2218 1721 2375 1812 qui-

288 1831 448 1897 dem
493 1822 786 1911 angulis,
830 1814 1197 1890 secundum
1237 1826 1578 1913 triangula
1620 1850 1791 1896 vero
1822 1824 2130 1910 aequalia
2159 1825 2375 1891 latera

279 1928 603 2014 habentia
645 1938 799 1992 octo
845 1925 1214 2012 compositis
1227 1975 1254 2006 ,
1313 1949 1528 1994 unum
1590 1927 2034 2018 efficientibus
2077 1927 2377 1997 solidum

287 2034 618 2122 angulum
644 2040 1033 2115 equattuor
1057 2028 1312 2115 planis3
1354 2032 1611 2118 sexque
1643 2031 1887 2098 talibus
1903 2017 2376 2096 faotissecun-

286 2139 455 2203 dum
488 2134 725 2201 rursus
752 2153 998 2219 corpus
1037 2130 1428 2197 absolvitur.
1478 2135 1751 2199 tertium
1792 2132 2125 2199 veroebis
2171 2132 2376 2198 fexa-

225 2235 228 2240 ’
284 2240 478 2330 ginta
503 2234 851 2303 elementis
889 2234 1274 2320 compactis,
1317 2236 1537 2304 solidis
1568 2247 1794 2304 autem
1812 2235 2071 2323 angulis
2106 2234 2377 2302 duode-

283 2345 453 2418 cim,
497 2355 793 2426 quorum
830 2356 1170 2422 quemque
1197 2340 1529 2428 triangula
1559 2342 1857 2428 quinque
1883 2341 2085 2426 plana
2116 2358 2377 2422 aequa-

280 2444 374 2511 lia
398 2445 611 2509 latera
653 2440 971 2507 habentia
1011 2442 1594 2527 complectuntur,
1638 2439 1879 2527 viginti
1917 2440 2098 2503 bases
2122 2437 2378 2503 habene

285 2545 651 2631 triangulas
677 2542 1225 2628 'aequilaterales‘
1262 2545 1582 2630 gignitur.
1649 2555 1718 2608 et
1765 2543 2058 2608 alterum
2097 2538 2380 2624 quidem

289 2648 702 2712 elementum
747 2642 1030 2721 disceffit
1069 2665 1286 2728 quum
1329 2646 1499 2710 haec
1523 2643 1909 2731 generavit,
1956 2634 2377 2728 triangulum

286 2771 455 2814 vero
478 2738 784 2831 aequalia
811 2742 1070 2808 habens
1098 2764 1294 2857 crura
1319 2746 1792 2834 genuitquarti
1824 2755 2158 2823 naturam,
2177 2754 2379 2831 quat-

287 2862 451 2919 tuor
506 2848 839 2933 triangula
880 2836 1335 2931 componens,
1383 2848 1454 2912 in
1496 2862 1804 2916 centrum
1839 2860 2060 2914 rectos
2090 2849 2374 2934 angulos

287 2952 724 3040 coniungens,
752 2966 971 3015 unum
1001 2950 1308 3036 aequalia
1326 2951 1541 3017 latera
1567 2952 1820 3031 habens
1839 2951 2243 3040 quadratum
2283 2944 2377 3012 ef·

286 3055 559 3135 ficiens;
605 3054 718 3141 [ex
755 3063 983 3117 autem
1027 3050 1184 3117 tali'a
1230 3067 1573 3142 compacta
1612 3059 1890 3142 angulos
1936 3067 2087 3121 octo
2132 3052 2380 3118 solidos

289 3156 625 3235 efficiunt,
663 3176 933 3245 quoque
960 3175 998 3217 e
1017 3151 1227 3219 tribus
1250 3155 1468 3243 planis
1481 3159 1678 3222 rectis
1710 3158 2114 3244 composito3
2161 3152 2381 3240 figura

289 3271 517 3325 autem
553 3257 853 3347 corporis
878 3258 973 3321 ita
1010 3259 1346 3323 constituti
1375 3260 1465 3324 est
1493 3259 1749 3333 cubica,
1795 3261 1915 3325 sex
1943 3261 2174 3346 planas
2203 3279 2380 3343 qua-

289 3361 518 3427 dratas
548 3357 1055 3444 aequilaterales
1084 3358 1269 3425 bases
1295 3360 1565 3453 babens.
1622 3373 1967 3449 praeterea
1997 3383 2131 3425 una
2165 3378 2399 3449 quum‘

291 3468 452 3530 effet
482 3463 861 3550 compositio
898 3462 1155 3549 quinta,
1202 3461 1368 3525 deus
1398 3484 1477 3531 ea
1508 3465 1663 3530 usus
1702 3466 1793 3530 est
1822 3463 1908 3529 ad
1941 3460 2227 3527 univerfi
2255 3458 2382 3523 de-

281 3564 745 3654 scriptionem.
834 3564 1033 3651 Quae
1089 3562 1363 3648 quidem
1422 3567 1652 3633 omnia
1693 3570 1740 3633 fi
1785 3564 1933 3651 quis
1980 3562 2112 3626 rite
2154 3561 2379 3625 secum

286 3679 610 3755 reputans
639 3665 894 3732 dubitet
932 3677 1167 3730 utrum
1210 3664 1513 3759 infinitos
1552 3676 1858 3755 oporteat
1907 3658 2040 3726 dici
2089 3657 2382 3725 mundos

291 3775 420 3836 efle
445 3793 531 3837 an
560 3767 805 3847 finitos,
849 3768 1140 3844 mundos
1170 3791 1426 3854 ponere
1451 3767 1752 3834 infinitos
1785 3761 2117 3831 existimet
2144 3761 2380 3850 ¹homi-

289 3872 399 3937 nis
426 3875 552 3939 effe
579 3892 743 3937 vere
764 3890 998 3935 eorum
1028 3869 1325 3955 imperiti
1372 3887 1664 3956 quorum
1689 3867 1984 3956 peritum
2013 3868 2140 3931 effe
2171 3888 2382 3953 opor-

287 3984 465 4052 teat,
520 3986 760 4041 utrum
799 3983 1026 4040 autem
1071 3991 1287 4040 unum
1318 3994 1409 4037 an
1459 3972 1760 4065 quinque
1798 3989 2047 4045 revera
2089 3973 2217 4038 efle
2252 3992 2380 4037 na·

379 4180 556 4263 Tom-
610 4177 691 4262 V.
1163 4180 1172 4185 “
1913 4173 1979 4246 N
