2738 4600
1187 292 1646 368 r(stirmis.
2316 296 2447 388 295

312 545 323 556 ·
366 490 502 533 nox
530 464 832 554 insignite
866 449 1480 553 pluvia'liquefecit
1526 486 1676 530 eam
1723 486 2139 553 vacuamque
2176 490 2218 534 a
2248 478 2457 562 xterrat

365 568 675 650 reddidit,
696 580 918 636 terrae
931 567 1224 650 motibus
1238 566 1425 634 simul
1452 567 1707 634 exortis
1734 580 1801 636 et
1816 592 1991 656 aqua
2007 582 2165 637 ante
2176 569 2440 637 clu-vio-

366 696 525 738 nem
554 694 729 757 quae
758 670 1184 737 Deucalionis
1214 683 1523 759 tempore
1558 669 1781 735 fuerat
1808 670 2009 755 tertio
2039 674 2120 738 ad
2149 674 2438 740 immen-

362 777 513 839 sum
553 786 770 840 aucta.
829 774 1051 861 priore
1095 775 1305 840 altero
1346 784 1653 863 tempore
1683 774 2142 861 magnitudine
2182 789 2326 843 erat
2351 775 2440 842 ad

362 879 743 972 Eridanum
772 888 839 941 et
867 876 1114 944 Ilifl'um
1154 879 1460 956 extensa,
1505 876 1893 946 continebat
1932 877 2002 943 in
2037 879 2104 942 se
2135 879 2439 967 Pnycem

364 993 437 1045 et
460 980 874 1069 Lycabetum
910 990 1211 1044 montem
1259 1003 1305 1043 e.
1337 977 1613 1064 regione
1640 979 1883 1067 Pnycis
1913 979 2222 1046 habebat.
2294 993 2437 1047 ter-

361 1106 529 1150 rena
575 1106 781 1171 porro
830 1093 975 1147 erat
1015 1090 1151 1147 tota
1183 1092 1247 1159 et
1271 1082 1498 1169 paucis
1540 1082 1840 1171 exceptis
1886 1083 2088 1170 plane.
2126 1085 2438 1170 superne.

359 1187 829 1256 incolebantur
875 1196 1099 1249 autem
1147 1184 1488 1250 exteriora
1516 1185 1717 1273 loca.
1775 1187 1856 1251 ad
1909 1187 2080 1274 ipsas
2137 1185 2437 1272 obliquas

281 1352 285 1356 ⁴
362 1292 499 1355 eius
529 1299 778 1377 partes,
803 1286 889 1353 ab
925 1284 1279 1373 opificibus
1311 1297 1380 1349 et
1406 1285 1712 1370 agricolis
1741 1287 2151 1376 quicumque
2174 1288 2242 1354 in
2275 1312 2437 1379 pro-

358 1394 615 1482 pinquo
642 1411 881 1475 agrum
913 1386 1221 1453 colebant
1238 1415 1259 1466 ,-
1285 1386 1523 1474 supera
1552 1386 1932 1453 bellicosum
1961 1394 2176 1475 genus
2208 1416 2334 1481 per
2365 1393 2435 1458 se

361 1498 576 1561 solum
633 1494 805 1564 circa
860 1488 1215 1557 Minervae
1258 1500 1325 1553 et
1367 1489 1654 1559 Vulcani
1705 1494 2027 1580 templum
2088 1495 2429 1562 incolebat

359 1614 701 1686 tamquam
751 1594 953 1660 unius
993 1591 1178 1659 domi
1206 1591 1483 1658 hortum
1515 1614 1655 1657 uno
1696 1594 1879 1679 septo
1918 1585 2227 1684 cinctiqp.
2266 1602 2435 1665 -loca

359 1703 540 1767 enim
593 1702 736 1765 eius
776 1698 860 1761 ad
912 1695 1294 1781 aquilonem
1351 1696 1686 1781 conve-rsa¹
1714 1694 2132 1780 incolebant,
2196 1701 2432 1768 domos

359 1799 754 1870 communes
785 1811 853 1863 et
882 1796 1315 1864 hibernacula
1359 1795 1784 1883 aedificantes
1822 1800 2187 1886 omniaque
2219 1824 2430 1891 appa-

354 1919 581 1972 rantes
600 1953 618 1985 ‚
659 1924 837 1989 quae
862 1911 1292 1966 communem
1326 1899 1600 1964 decebat
1630 1897 1968 1967 civitatem
1999 1901 2254 1968 habere
2277 1905 2430 1970 illo-

354 2013 509 2075 rum
553 2005 1098 2092 templorumque
1132 1999 1706 2067 aedificandorum
1738 2005 1966 2087 causa,
1996 2016 2262 2093 praeter
2299 2027 2428 2072 au-

354 2134 508 2177 rum
560 2121 629 2173 et
666 2116 1058 2191 argentum3
1100 2103 1203 2188 his
1252 2104 1438 2168 enim
1491 2124 1822 2188 nusquam
1861 2107 2269 2189 utebantur,
2309 2108 2421 2175 sed

351 2214 426 2279 id
460 2209 642 2300 quod
688 2206 980 2272 medium
1024 2208 1111 2271 est
1155 2205 1333 2270 inter
1361 2205 1747 2295 superbiam
1790 2219 1859 2273 ct
1903 2208 2421 2278 illiberalitatem

352 2317 805 2382 consectantes
836 2310 1162 2376 modestas
1205 2308 1318 2372 fibi
1353 2309 1778 2377 exstruebant
1819 2310 2305 2390 habitatione3‚
2347 2313 2423 2377 in

349 2418 595 2508 quibus
629 2427 694 2480 et
719 2415 836 2498 ipsa
886 2423 952 2478 et
996 2413 1413 2502 posterorum
1447 2414 1686 2499 posteri
1718 2415 2244 2480 consenescentes
2274 2413 2419 2480 aliis

351 2518 668 2584 similibus
721 2515 987 2580 easdem
1036 2515 1298 2598 semper
1348 2513 1740 2597 tradebant3
1811 2515 2200 2598 australibus
2247 2537 2418 2582 vero

350 2622 549 2699 locis»,
594 2617 802 2680 hortis
831 2628 896 2680 et
926 2614 1276 2705 gymnasiis
1304 2627 1373 2680 et
1411 2615 1869 2682 contuberniis
1895 2617 2145 2684 relictis
2171 2617 2420 2707 quippe

347 2724 629 2795 aestate,
674 2718 1040 2783 utebantur
1076 2717 1262 2782 hunc
1308 2718 1390 2781 ad
1421 2717 1653 2787 finem.
1710 2719 1868 2807 fone
1898 2732 2044 2787 erat
2077 2742 2256 2789 unus
2295 2720 2415 2787 ubi

347 2847 534 2894 nunc
571 2844 693 2889 arx
735 2821 851 2884 fita
891 2818 1011 2892 est,
1056 2841 1189 2904 quo
1230 2817 1552 2884 exstincto
1608 2843 1648 2887 a
1686 2833 1908 2887 terrae
1948 2820 2416 2889 motibuerivi

351 2924 671 3013 qui'nunc
702 2924 955 2988 exstant
986 2911 1235 3009 exigui'
1253 2922 1682 2990 circumcirca
1708 2924 1925 2993 relicti
1953 2927 2148 3006 funt3
2188 2925 2301 2989 sed
2326 2925 2412 2991 il-

286 3073 296 3084 .
344 3032 425 3098 lis
451 3029 563 3118 qui
592 3041 752 3117 tunc
779 3025 1100 3089 vixerunt
1145 3023 1458 3090 omnibus
1481 3026 1748 3111 largum
1779 3025 2089 3115 praebuit
2122 3027 2405 3102 flumen,

350 3134 518 3197 bene
546 3139 955 3215 temperatus
993 3125 1076 3191 ad
1109 3126 1405 3191 hiemem
1435 3138 1504 3192 et
1533 3129 1862 3209 aestatem.
1906 3130 2035 3196 hac
2071 3128 2280 3216 igitur
2301 3153 2403 3197 ra·

344 3236 528 3301 tione
554 3230 910 3300 vivebant,
958 3227 1205 3292 civium
1240 3227 1511 3313 quidem
1551 3230 1831 3297 suorum
1868 3230 2209 3312 custodes,
2253 3230 2406 3297 reli-

232 3385 240 3396 .
343 3354 638 3421 quorum
683 3352 850 3394 vero
882 3331 1287 3423 Graecorum
1320 3329 1523 3395 duces
1561 3331 1970 3412 volentium,
2011 3333 2216 3420 idque
2254 3335 2407 3421 spe-

342 3446 598 3504 ctautes
633 3444 705 3496 ut
732 3454 933 3518 quam
962 3430 1259 3498 maxime
1282 3431 1516 3499 eadem
1553 3434 1816 3524 semper
1853 3434 2221 3502 multitudo
2253 3439 2407 3503 effet

341 3508 650 3600 virorum
686 3545 750 3597 et
779 3534 1184 3616 mulierum,
1228 3534 1310 3599 ad
1352 3535 1610 3602 bellum
1643 3539 2013 3624 gerendum
2054 3528 2402 3606 nunc‘ad-

338 3637 476 3705 huc
507 3636 781 3722 idonea,
825 3635 1065 3723 viginti
1085 3637 1382 3706 millium
1426 3660 1794 3741 numerum
1830 3640 2187 3710 excedens.
