2738 4600
1115 304 1564 387 ROLITIA
1618 305 1749 379 lx.
2283 278 2292 283 ’
2432 309 2482 383 3,

385 478 784 557 melioribus
830 475 1309 567 cupiditatibus
1349 478 1631 546 iuvante
1675 477 1942 551 ratione
1991 502 2036 549 a
2070 481 2478 569 quibusdam

324 616 339 663 g
385 581 780 652 hominibus
823 581 938 647 vel
975 583 1252 670 prorsus
1283 581 1629 661 discedant
1660 583 1767 649 vel
1794 605 2049 671 paucae
2080 585 2482 674 relinquan-

383 699 499 754 tur
541 696 749 773 atque
784 683 1216 767 imbecillae,
1272 685 1348 752 in
1380 686 1529 753 aliis
1555 705 1726 755 vero
1759 685 2079 753 fortiores
2104 709 2186 753 ac
2228 690 2480 777 plures·

382 790 764 878 Quasnam,
809 787 1051 877 inquit,
1096 788 1309 856 dicis?
1350 790 1522 870 Eas,
1565 790 1875 876 inquam,
1920 791 2194 878 quaein
2238 792 2479 861 somne

378 892 791 984 excitantur,
816 912 1033 977 quum
1057 893 1364 979 reliquae
1398 890 1612 959 animi
1640 904 1866 982 partes
1888 893 2260 976 dormiunt,
2305 918 2483 983 quae

270 1054 277 1061 ,
342 994 663 1083 ,rationis
717 995 873 1060 runt
923 995 1280 1086 participes
1316 1007 1385 1060 et
1433 998 1826 1063 mansuetae
1870 1019 2169 1084 eumque
2209 1009 2483 1086 regunt,

380 1088 703 1165 immanis
759 1109 983 1164 autem
1025 1121 1106 1164 ac
1146 1096 1316 1180 fera,
1368 1101 1478 1164 vel
1508 1099 1661 1165 cibo
1695 1101 1804 1166 vel
1832 1099 1998 1166 vino
2036 1103 2308 1178 onusta,
2353 1124 2486 1169 ex-

296 1280 305 1299 ,
382 1203 589 1270 sultat
638 1202 1009 1288 somnoque
1047 1203 1322 1291 depulso
1350 1203 1568 1291 studet
1599 1203 1976 1292 procedere
2033 1215 2104 1271 et
2143 1203 2484 1293 cupidita?

380 1316 483 1372 tes
512 1307 699 1387 suas,
745 1316 819 1369 ut
847 1305 1033 1387 solet,
1081 1307 1373 1393 explere.
1424 1303 1547 1371 scis
1591 1307 1823 1373 omnia
1859 1330 2017 1377 eum
2051 1307 2303 1374 audere
2335 1319 2484 1387 tum

318 1448 337 1487 ς,
380 1402 631 1485 fa'cere,
663 1406 919 1496 quippe
937 1408 1128 1473 omni
1150 1409 1443 1476 solutum
1475 1420 1682 1497 atque
1705 1409 2076 1477 liberatum
2107 1411 2375 1499 pudore
2402 1433 2484 1483 ae

377 1508 780 1600 prudentia3
798 1532 1018 1598 neque
1030 1514 1211 1578 enim
1233 1535 1393 1579 cum
1415 1525 1635 1579 matre
1651 1536 1812 1580 eum
1828 1514 2058 1581 vereri
2082 1536 2328 1602 corpus
2346 1512 2486 1580 mi-

378 1615 582 1694 scere,
626 1624 705 1678 ut
730 1612 846 1680 fibi
874 1615 1215 1699 videatur,
1241 1638 1467 1703 neque
1493 1638 1651 1683 cum
1680 1616 1922 1704 quovis
1947 1617 2079 1693 alio
2107 1618 2223 1683 vel
2248 1617 2485 1693 homi-,-

378 1739 548 1785 num
575 1716 686 1783 vel
725 1716 1007 1783 deorum
1059 1719 1167 1783 vel
1204 1717 1632 1799 belluarum,
1672 1729 1876 1805 atque
1901 1718 2484 1799 etiamtrucidare

375 1819 690 1905 quidvis,
736 1842 861 1885 nec
908 1819 1054 1885 ullo
1088 1821 1158 1882 se
1207 1819 1547 1887 abstinere
1597 1817 1796 1892 cibo,
1823 1829 2046 1904 ‚atque
2084 1842 2227 1884 uno
2261 1820 2483 1897 ,verbo

378 1923 617 2009 neque
639 1921 1044 1988 temeritatis
1067 1919 1437 2007 quicquam
1463 1919 1852 2007 relinquere
1881 1941 2100 2008 neque
2113 1919 2485 2010 impuden7

377 2023 534 2098 tiae.
625 2023 1013 2102 verissime,
1038 2094 1041 2097 ,
1067 2020 1321 2107 inquit,
1367 2020 1550 2091 dicis.
1641 2021 1940 2108 Quando
1969 2046 2163 2104 vero,
2214 2025 2483 2112 opinor,

380 2127 548 2193 sano
582 2124 732 2212 quis
764 2126 854 2190 est
896 2125 1061 2189 statu
1108 2135 1312 2210 atque
1352 2135 1728 2214 temperato
1764 2136 1832 2191 et
1862 2124 1956 2192 ita
1974 2127 2198 2214 'quieti
2226 2130 2297 2201 se
2328 2138 2481 2205 tra-5

314 2260 322 2271 ·
379 2229 522 2310 dit,
565 2230 611 2294 fi
651 2251 799 2294 eam
847 2238 1114 2316 partem
1170 2227 1655 2316 animi‚.quae
1697 2228 1945 2293 mentis
1986 2240 2056 2295 et
2102 2231 2326 2297 confili
2371 2232 2482 2316 est,

381 2332 711 2406 ‚excitavit
756 2331 1080 2418 bonisque
1125 2331 1455 2398 saturavit
1488 2343 1555 2396 et
1580 2330 2001 2398 sermonibus
2033 2343 2098 2397 et
2126 2331 2485 2420 cogitatio-g·

378 2434 600 2509 nibus,
644 2445 923 2525 partem.
951 2444 1189 2499 contra
1221 2433 1305 2500 ad
1349 2431 1759 2524 cupiditates
1800 2434 2211 2522 propensam
2259 2455 2485 2522 neque

375 2538 619 2628 inopia
650 2538 924 2604 enecuit
956 2560 1178 2624 neque
1204 2537 1513 2604 satietate
1538 2533 1867 2617 oneravit,
1911 2547 1992 2600 ut
2022 2534 2324 2622 sopiatur
2358 2558 2485 2604 nec

377 2640 618 2726 turbas
629 2638 870 2714 efficiat
888 2641 1191 2726 optimae
1204 2639 1385 2727 parti
1409 2637 1765 2723 gaudendo
1782 2638 1893 2706 vel
1911 2636 2234 2723 dolende,
2254 2638 2367 2703 sed
2384 2641 2483 2718 so·

382 2745 525 2814 lam
557 2764 704 2809 eam
723 2763 841 2830 per
859 2743 925 2805 se
939 2743 1107 2824 finat
1121 2763 1371 2830 puram
1386 2751 1652 2808 contem
1661 2739 1833 2827 plari
1851 2738 2128 2826 eiusque
2158 2753 2483 2829 appetere

264 2902 272 2911 .
376 2844 1087 2937 perceptionemlquod
1113 2844 1397 2931 ignoret,
1413 2842 1529 2908 vel
1545 2842 2058 2930 praeteritorum
2075 2842 2354 2924 alicuius
2369 2844 2485 2914 vel

376 2947 839 3039 praesentium
856 2948 971 3026 vel
1000 2946 1423 3026 futurorum,
1456 2944 1829 3029 eodemque
1859 2944 2063 3012 modo
2093 2946 2297 3012 etiam
2333 2947 2492 3016 ira-2.

378 3052 602 3137 cunda
626 3061 825 3138 parte
847 3048 1073 3114 sedata
1096 3049 1195 3115 ita
1231 3046 1638 3134 conquiescit
1665 3058 1746 3111 ut
1761 3045 2106 3113 animusin
2130 3048 2482 3115 neminem

375 3152 734 3232 iracundia
773 3150 1235 3220 inflammatus
1281 3153 1359 3218 fit
1400 3162 1605 3236 atque
1647 3162 2067 3232 commotus,
2130 3151 2240 3226 sed
2284 3175 2482 3217 com·-

377 3254 618 3345 preffis
654 3253 1085 3322 duabusillis
1114 3252 1457 3341 partibus,
1502 3252 1701 3318 tertia
1730 3270 1901 3319 vero
1938 3241 2055 3321 illa
2090 3253 2371 3344 rationis
2412 3261 2485 3331 et

375 3357 626 3428 mentis
655 3369 878 3423 erecta
915 3355 1126 3443 quieti
1161 3358 1228 3421 se
1259 3354 1490 3430 tradit,
1522 3355 1645 3436 scis
1679 3356 2034 3424 veritatem
2067 3366 2218 3420 tum
2249 3352 2483 3419 maxi-

377 3483 495 3537 me
527 3482 683 3526 eum
732 3459 1062 3548 attingere
1091 3459 1509 3552 minimeque
1544 3458 1907 3546 somnianti
1941 3459 2085 3548 visa
2117 3475 2484 3522 occurrere

376 3587 419 3630 a
448 3561 709 3649 legibus
735 3565 988 3629 aversa.
1076 3561 1167 3628 Pr
1169 3562 1355 3627 orsus
1384 3559 1657 3648 quidem
1675 3608 1694 3640 ,
1738 3562 1981 3648 inquit,
2025 3559 2121 3625 ita
2151 3543 2477 3632 existimo,

373 3667 467 3734 Et
497 3666 633 3731 hoc
665 3664 941 3750 quidem
973 3676 1053 3730 ut
1081 3663 1378 3739 diffusius
1413 3663 1904 3751 explicaremus
1931 3659 2185 3732 inducti
2212 3661 2482 3740 sumuaz

377 3768 561 3856 quod
597 3778 828 3834 autem
851 3768 1246 3834 volebamus
1271 3762 1847 3855 cognoscere‚hoc
1877 3762 2003 3826 est:
2033 3784 2237 3851 grave
2254 3761 2483 3852 quod-

377 3873 536 3937 dam
567 3882 638 3936 et
680 3868 912 3936 ferum
961 3881 1029 3936 et
1065 3892 1107 3935 a
1154 3868 1415 3955 legibus
1445 3867 1761 3936 aversum
1793 3862 2241 3951 cupiditatum
2268 3885 2478 3953 genus

372 3973 451 4038 in
480 3992 748 4060 quoque
782 3973 1013 4054 inesse,
1045 3971 1249 4039 etiam
1278 3971 1354 4036 in
1387 3967 1724 4056 aliquibus
1758 3965 1842 4031 de
1864 3966 2058 4036 nobis
2085 3969 2203 4059 qui
2235 3968 2479 4033 admo-

375 4073 547 4143 dum
583 4073 918 4188 moderati
955 4075 1321 4176 videantur
1367 4069 1548 4141 effe...
1581 4070 1764 4159 quod
1808 4070 2136 4235 ςυᾎὶεῳ
2127 4072 2203 4148 in
2232 4063 2476 4139 somnis

2010 4189 2054 4232 α

1239 4375 1271 4451 N

2637 3323 2677 3337 κ
