2738 4600
1133 333 1582 414 PoLlTIA
1633 339 1759 413 IX.
2398 346 2479 426 15

327 517 495 588 -ss'2‘tes
535 517 648 605 qui
687 502 843 607 ip'fis'
883 501 1252 584 adulantur
1290 526 1362 583 et
1402 518 1488 584 ad
1521 516 1755 584 omnia
1795 517 2017 606 parati
2059 518 2214 587 sunt
2255 518 2481 594 offici·

386 621 806 713 praestanda,
847 621 981 702 vel,
1020 622 1067 686 fi
1100 641 1304 707 quem
1335 622 1497 708 quid
1524 632 1785 709 rogant,
1828 621 1945 711 ipsi
1973 621 2221 691 blande
2242 625 2479 695 sesub-

383 726 755 802 mittentes,
797 744 1034 789 omnes
1060 723 1384 814 personas
1419 724 1851 813 suscipientes
1885 738 2232 814 tamquam
2268 726 2482 794 fami-

381 829 612 909 liares,
629 850 843 916 quum
856 848 1020 892 vero
1063 827 1534 915 impetrarunt,
1561 832 1908 914 tamquam
1942 830 2190 896 alieni?
2214 831 2482 898 Admo-

272 940 303 991 ἵ
386 931 572 999 dum.
659 933 737 998 In
766 930 958 996 omni
987 928 1195 1014 igitur
1223 928 1360 996 vita
1386 930 1643 995 vivunt
1687 931 1859 998 nulli
1892 942 2218 1018 umquam
2250 933 2477 1018 amici,

388 1034 504 1099 sed
546 1034 963 1122 imperantes
1003 1035 1272 1125 semper
1312 1030 1512 1098 alicui
1554 1045 1673 1098 aut
1704 1035 1899 1103 alteri
1945 1037 2350 1116 servientes;
2391 1037 2481 1103 li·-

390 1134 664 1205 bertatis
685 1138 882 1203 enim
911 1148 978 1202 et
1004 1135 1341 1202 amicitiae
1359 1158 1564 1202 verae
1590 1135 1857 1203 animus
1887 1139 2287 1227 tyrannicus
2302 1141 2484 1208 iem-

384 1261 517 1330 *per
544 1261 809 1327 expers.
896 1239 1074 1308 Sane
1111 1237 1410 1324 quidem.
1491 1236 1734 1305 Nonne
1757 1238 1965 1327 igitur
1990 1253 2174 1308 recte
2197 1238 2321 1310 hos
2348 1266 2484 1311 vo-

390 1340 698 1408 cabimus
736 1342 1027 1409 infidos?
1072 1340 1387 1430 Quidni?
1425 1339 1646 1426 Atque
1669 1336 1876 1411 etiam
1912 1342 2225 1422 iniustos,
2272 1369 2484 1434 quam

386 1445 693 1521 maxime
731 1448 942 1534 potest
988 1444 1174 1521 fieri,
1210 1442 1531 1530 fiquidem
1577 1455 1765 1510 recte
1796 1444 1996 1533 supra
2036 1451 2483 1517 consentimus

388 1546 576 1615 inter
616 1571 740 1615 nos
781 1548 866 1614 de
890 1546 1175 1613 iustitiae
1203 1558 1470 1614 natura.
1556 1546 1656 1613 Ac
1685 1559 1870 1613 recte
1898 1548 2200 1637 quidem,
2241 1551 2484 1638 inquit.

393 1650 805 1718 Summatim
845 1650 1092 1738 igitur,
1147 1649 1460 1736 inquam,
1514 1648 1747 1716 virum
1788 1649 2243 1721 describamus
2281 1655 2489 1743 pessi-

338 1777 348 1787 ’
392 1773 625 1838 mum3
683 1756 773 1820 est
816 1765 1048 1820 autem
1084 1752 1145 1817 is
1181 1749 1333 1839 qui,
1393 1753 1663 1852 qua-lem
1701 1753 2106 1842 cogitatione
2128 1755 2483 1841 finximus,

388 1858 598 1924 talem
640 1880 876 1926 revera
903 1858 973 1920 se
999 1855 1304 1944 praebet.
1388 1853 1565 1921 Saue
1604 1855 1894 1942 quidem.
1982 1857 2224 1926 Nonne
2249 1860 2363 1927 hic
2394 1863 2488 1929 est

394 1959 550 2046 qui,
593 1982 812 2046 quum
837 1958 1140 2024 maximo
1181 1955 1616 2043 tyrannicum
1646 1958 1892 2028 habeat
1915 1961 2260 2047 animum,
2302 1965 2484 2032 solus

399 2061 710 2149 imperat,
754 2071 820 2126 et
848 2080 983 2145 quo
1009 2058 1258 2125 diutius
1284 2058 1359 2124 in
1395 2061 1759 2148 tyrannide
1787 2064 1974 2148 vivit,
2020 2088 2103 2132 eo
2134 2067 2348 2155 magis
2376 2079 2489 2142 ta«,

397 2161 530 2231 lin?
569 2160 836 2232 Necesse
865 2163 972 2243 est,
1019 2160 1280 2227 Glauco
1311 2161 1534 2249 inquit
1550 2165 1938 2234 sermonem
1978 2170 2355 2258 excipiens.

398 2285 412 2324 ·.
469 2288 476 2294 ·
567 2264 814 2332 Nonne
837 2283 1027 2346 vero,
1072 2262 1375 2362 inquam,
1406 2264 1524 2351 qui
1558 2268 1906 2356 reperitur
1929 2272 2383 2361 pravissimus,
2426 2273 2488 2344 ie

388 2371 606 2439 etiam
653 2366 1077 2435 miserrimus
1121 2369 1538 2455 reperietur,
1594 2382 1667 2435 et
1696 2372 1811 2456 qui
1853 2371 2216 2442 diutisfime
2256 2379 2491 2444 maxi-

396 2496 643 2561 meque
669 2470 1101 2560 tyrannidem
1129 2464 1468 2552 exercuit,
1515 2470 1571 2538 is
1609 2472 1912 2540 maxime
1941 2496 2211 2563 quoque
2244 2480 2493 2559 ‹lintis-2

335 2611 343 2628 ·
398 2560 943 2661 fimequerevera
955 2574 1105 2640 talis
1121 2572 1350 2641 evadit
1366 2573 1401 2637 ’ἓ
1428 2595 1841 2661 quamquam
1857 2579 2277 2672 multitudini
2297 2584 2494 2652 mul-⁶

399 2690 475 2746 ta
517 2697 787 2764 quoque
829 2677 1174 2745 videntur.
1256 2675 1671 2759 NeceffariO,
1724 2677 1982 2765 inquit,
2022 2681 2191 2748 haec
2225 2685 2385 2752 sane
2420 2688 2496 2754 so

399 2782 489 2848 fic
516 2779 789 2846 habent.
876 2778 1123 2845 Nonne
1150 2778 1391 2866 igitur3
1436 2778 1738 2867 inquam,
1783 2784 2177 2872 tyrannicus
2204 2787 2290 2855 ad
2317 2789 2492 2855 civi-

396 2883 552 2978 tatis
609 2881 885 2971 tyranni
936 2871 1229 2968 imperio
1280 2880 1648 2964 subiectae,
1704 2886 2059 2973 popularis
2109 2887 2194 2953 ad
2246 2890 2492 2980 populi

397 2986 817 3077 principatus
855 2983 1357 3050 fimilitudinem
1400 2985 1753 3067 accedent,
1810 2998 1875 3051 et
1900 2987 1998 3054 ita
2025 2995 2494 3079 quoquereli-

405 3089 571 3177 qui?
608 3086 921 3177 Quidni?
950 3087 1039 3154 Et
1067 3109 1241 3175 quae
1266 3087 1442 3154 ratio
1468 3090 1555 3155 est
1580 3088 1928 3157 civitatum
1962 3094 2047 3158 ad
2073 3093 2398 3164 virtutem
2423 3108 2496 3164 et

395 3193 818 3273 felicitatem,
850 3189 1084 3254 eadem
1115 3191 1206 3255 est
1230 3190 1429 3256 etiam
1452 3190 1799 3256 virorum?
1826 3192 2239 3266 Admodum.
2288 3201 2497 3289 Quo-

402 3294 610 3363 modo
633 3292 839 3380 igitur
874 3292 1106 3358 civitas
1138 3291 1726 3382 tyranni-imperio
1756 3295 2050 3364 subiecta
2077 3302 2145 3363 se
2174 3301 2376 3366 habet
2405 3299 2496 3366 ad

343 3419 354 3442 *
408 3419 557 3462 eam
587 3418 758 3482 quae
781 3396 925 3482 regi
957 3397 1440 3484 paremqualem
1457 3396 1760 3484 primum
1779 3398 2289 3491 descripsimus?
2331 3401 2498 3466 Pla-

405 3520 501 3565 ne
536 3510 805 3578 contra,
860 3497 1115 3584 inquit;
1174 3521 1315 3565 una
1353 3499 1539 3566 enim
1580 3501 1842 3591 optima
1887 3504 2010 3583 est,
2068 3503 2279 3567 altera
2323 3525 2516 3582 vero¹

403 3599 704 3692 peflima.
788 3600 939 3666 Non
984 3621 1342 3686 quaeram,
1395 3600 1712 3688 inquam,
1769 3616 1996 3670 utram
2038 3602 2254 3687 dicas;
2311 3618 2499 3697 patet

404 3703 635 3784 enim3
676 3723 960 3786 verum,
1007 3703 1186 3788 quod
1230 3703 1314 3771 ad
1351 3702 1742 3771 felicitatem
1771 3717 1840 3770 et
1869 3702 2204 3773 miseriam
2233 3712 2502 3794 attinet„⁸

401 3805 588 3874 idem
619 3807 710 3871 est
725 3815 924 3870 tuum
946 3803 1295 3889 iudicium,
1317 3830 1406 3872 an
1434 3808 1615 3897 aliud
1633 3809 1666 3873 ’Β
1703 3829 1791 3872 ne
1823 3828 1984 3872 vero
2011 3814 2501 3893 perturbemur

402 3908 894 3998 iri-tyrannum
951 3927 1171 3973 unum
1208 3907 1550 3976 intuentes
1607 3908 1719 3974 vel
1763 3930 2012 3995 paucos
2054 3901 2312 4001 aliquos
2358 3916 2503 3981 eius

405 4013 739 4093 satellites,
781 4010 917 4093 sed,
936 4007 1511 4097 quemadmodum
1539 4022 1810 4098 oportet
1832 4012 1907 4080 in
1934 4027 2148 4083 totam
2174 4040 2299 4081 nos
2328 4015 2504 4082 civi-

405 4124 618 4185 tatem
644 4115 962 4205 ingreffos
988 4111 1450 4193 considerare,
1491 4109 1590 4177 ita
1618 4114 2007 4188 universam
2034 4140 2250 4204 quum
2277 4116 2504 4181 intra·-
