2738 4600
1140 343 1613 413 currus,
1744 399 1748 403 Α
2146 291 2150 295 Α
2265 344 2383 444 5011

311 522 741 613 geminorum
769 516 1067 605 priorem
1095 514 1970 604 Elafippum‚-posteriorem
1997 515 2386 593 Mestoremg

312 636 380 690 et
395 623 788 709 quintorum
813 619 1233 706 geminorum
1259 618 1586 705 superiori
1599 619 1759 686 Azai
1789 642 2043 685 nomen
2073 619 2389 696 inditum,

307 725 623 793 inferiori
651 719 1008 809 Diaprepi'ae
1041 722 1112 786 hi
1135 721 1351 806 igitur
1393 741 1627 786 omnes
1665 733 1732 785 et
1770 721 1889 809 ips}
1930 734 1997 786 et
2031 722 2232 787 liberi
2270 744 2396 790 eo.-
2448 807 2453 816 ,

308 851 463 897 rum
491 826 834 913 permulta
875 826 1093 890 secula
1120 823 1596 888 habitaverunt
1622 823 1716 888 ibi
1749 823 2154 911 imperantes
2175 846 2393 910 quum
2425 809 2431 815 ’

307 932 537 1000 multis
581 929 727 995 aliis
760 929 836 994 in
877 926 1051 994 mari
1091 927 1222 992 fitis.
1261 924 1529 1006 insulis,
1574 935 1760 1004 tum,
1818 926 2391 1012 quemadmodum
2498 979 2505 994 ξ

310 1038 512 1124 supra
567 1033 820 1099 dictum
860 1033 985 1104 est,
1033 1050 1247 1115 usque
1286 1027 1367 1093 ad
1404 1031 1797 1117 Aegyptum
1843 1039 1908 1092 et
1934 1030 2392 1118 Tyrrheniam

306 1137 379 1202 in
395 1160 525 1209 *eos
558 1136 676 1222 qui
704 1134 884 1208 intra,
910 1133 990 1196 ad
1040 1155 1159 1197 nos
1191 1133 1427 1195 versus
1453 1129 1850 1196 habitabant
1878 1131 2240 1220 imperium
2272 1134 2389 1198 ha-

308 1240 561 1304 bentes.
628 1247 694 1300 et
731 1233 1019 1301 Atlantis
1056 1232 1334 1321 quidem
1383 1253 1590 1317 genus
1620 1234 1902 1299 omnino
1945 1237 2392 1322 copiosum-et

306 1343 716 1407 honoratum
748 1336 1017 1415 exstitit,
1055 1347 1123 1400 et
1151 1357 1363 1420 quum
1393 1348 1559 1401 natu
1590 1337 1929 1401 maximus
1954 1337 2219 1424 semper
2255 1359 2392 1401 ma-

304 1446 495 1509 ximo
524 1441 831 1506 filiorum
863 1458 1152 1522 regnum
1189 1437 1504 1513 traderet,
1531 1437 1599 1501 in
1635 1437 1846 1502 multa
1878 1439 2098 1505 secula
2125 1439 2192 1503 id
2218 1462 2393 1505 con-

303 1548 702 1622 servarunt,
777 1540 1043 1605 divitias
1100 1539 1503 1624 possidentes
1548 1550 1768 1604 tantas
1829 1554 2117 1626 quantae
2177 1565 2389 1607 num-

302 1669 507 1735 quam
534 1656 692 1711 ante
709 1642 779 1708 in
807 1666 1045 1730 regum
1064 1641 1636 1707 dominationibus
1668 1641 1945 1707 fuerant
1973 1667 2192 1730 neque
2223 1667 2384 1710 um-

304 1772 505 1837 quam
535 1749 673 1837 post
700 1745 895 1811 facile
923 1755 1241 1833 poterunt
1268 1747 1683 1831 compa1ari3
1690 1757 1951 1832 parata
1976 1759 2202 1812 autem
2233 1763 2385 1812 om·-

302 1852 421 1917 nia
450 1850 544 1914 eis
572 1858 765 1912 erant
798 1833 1174 1932 quaecudq
1229 1869 1267 1910 e
1290 1846 1364 1909 in
1398 1845 1564 1911 urbe
1601 1858 1665 1911 et
1691 1869 2151 1966 quaecumque
2179 1849 2256 1913 in
2284 1872 2390 1913 re-

301 1953 488 2038 liqna
524 1962 627 2016 tei
630 1972 705 2014 ra
735 1951 887 2013 usus
923 1950 1274 2036 poscebat3
1320 1959 1388 2013 et
1416 1950 1633 2013 multa
1676 1949 1949 2035 quidem
1976 1953 2072 2017 eis
2106 1965 2388 2040 piopter

300 2053 671 2141 imperium
728 2050 894 2116 foris
950 2052 1392 2133 accedebant,
1445 2052 1741 2140 plurima
1785 2075 1946 2118 vero
1994 2055 2208 2123 insula
2246 2057 2388 2142 ipsa

302 2153 776 2246 suppeditabat
802 2155 883 2219 ad
923 2157 1129 2220 vitam
1165 2155 1624 2220 adornandam
1653 2155 2037 2239 necessaria,
2082 2162 2385 2245 primum

301 2260 475 2349 qua‘e
506 2279 544 2322 e
593 2268 777 2323 terra
818 2256 980 2324 soffa
1017 2259 1219 2324 solida
1246 2260 1404 2323 {unt
1430 2272 1491 2322 et
1525 2280 1697 2344 quae
1727 2258 2059 2346 liquefieri
2089 2266 2384 2350 poffunt3

302 2373 366 2427 ‘et
405 2361 576 2449 quod
624 2382 806 2427 nunc
849 2360 1244 2426 nominatur
1284 2371 1583 2438 tantum,
1642 2373 1802 2425 tunc
1843 2385 2006 2426 vero
2046 2364 2205 2449 plus·
2240 2386 2389 2443 erat

300 2487 503 2551 quam
533 2485 817 2539 nomen,
863 2462 1225 2527 aurichalci
1262 2480 1475 2545 genus
1508 2484 1546 2524 e
1575 2473 1759 2527 terra
1785 2459 2168 2528 fodiebatur
2197 2466 2385 2530 mul-

297 2567 387 2630 tis
414 2567 497 2648 in⁴
526 2566 684 2629 locis
717 2563 971 2627 insulae
986 2610 1010 2641 ,
1056 2585 1227 2628 auro
1261 2575 1541 2649 excepto
1573 2565 2108 2650 pretiofiffimum
2144 2589 2386 2632 eorum

299 2689 474 2754 quae
502 2678 666 2730 tunc
695 2677 923 2747 erant3
956 2677 1024 2729 et
1047 2687 1537 2762 quaecumque
1534 2667 1703 2731 {ilva
1733 2666 1813 2731 ad
1832 2665 2180 2733 fabrorum
2217 2691 2385 2758 ope*-

296 2792 390 2835 ra
410 2766 824 2857 suppeditat,
871 2791 952 2834 ea
983 2769 1216 2834 omnia
1249 2756 1653 2885 ..pioferebat
1690 2769 1910 2854 larga3
1959 2780 2026 2833 et
2069 2773 2387 2861 animan-

296 2875 389 2938 tia
431 2871 702 2937 abunde
742 2873 1091 2936 mansueta
1141 2883 1207 2935 et
1241 2869 1570 2936 immania
1609 2869 1851 2935 alebat.
1924 2882 2128 2958 atque
2179 2875 2391 2942 etiam

299 2974 810 3060 elephantorum
864 2972 937 3036 in
981 2996 1079 3037 ea
1120 2995 1333 3060 genus
1381 2984 1525 3039 erat
1583 2971 1990 3061 plurimum3
2050 2976 2382 3064 pabulum
2489 2998 2497 3006 ·

299 3076 480 3140 enim
511 3098 722 3161 quum
753 3076 983 3140 ceteris
1018 3075 1510 3157 animantibus,
1557 3098 2019 3164 quaecumque
2069 3078 2141 3142 in
2172 3082 2382 3165 palu-

301 3179 496 3268 dibus
543 3191 609 3242 et
665 3179 900 3264 stagnis
964 3190 1031 3242 et
1095 3180 1374 3259 fluviiS,
1448 3196 1917 3263 quaecamque
1982 3178 2068 3243 -in
2132 3180 2382 3244 monti-

294 3282 421 3346 bus
492 3292 559 3344 et
598 3301 1100 3365 ⁴quaecumque
1165 3280 1237 3342 in
1314 3279 1570 3366 campis
1639 3282 2058 3366 pascuntur,
2145 3283 2381 3347 omni-

295 3383 421 3447 bus
486 3381 714 3445 aderat
766 3379 1066 3461 abunde,
1131 3392 1276 3445 tum
1328 3381 1531 3446 etiam
1590 3384 1748 3448 huic
1807 3382 2082 3463 bestiae,
2154 3383 2386 3466 maxi--⁴

294 3505 449 3551 mae
478 3494 543 3547 et
574 3483 1047 3549 voracissimae.
1094 3493 1442 3570 praeterea
1469 3501 1932 3570 quaecumque
1963 3484 2132 3549 bene
2174 3487 2376 3551 olen-

295 3587 389 3653 tia
425 3586 645 3651 nutrit
680 3607 861 3649 nunc
900 3586 1162 3674 uspiam
1204 3598 1425 3664 terra,
1472 3588 1726 3652 radices
1766 3589 1871 3651 vel
1916 3587 2224 3675 gramina
2269 3590 2378 3659 vel

291 3690 478 3776 ligna
525 3688 640 3750 ¹vel
690 3687 919 3752 succos
976 3689 1263 3773 liquidos
1321 3687 1748 3754 fivefloruin
1808 3692 1942 3754 five
1997 3688 2374 3775 fructuum,

294 3816 372 3857 ea
399 3789 790 3879 proferebat
817 3789 1117 3875 beneque
1151 3790 1391 3855 alebat.
1439 3789 1521 3854 ad
1562 3791 1725 3855 haec
1752 3791 2037 3856 sativum
2069 3790 2374 3860 fructum

292 3896 670 3980 ficcumque
702 3891 821 3979 qui
853 3892 1042 3959 nobis
1069 3894 1389 3960 alimento
1436 3893 1522 3957 est
1566 3915 1932 3982 omnesque
1961 3894 2204 3988 quibus
2244 3917 2372 3985 pro
