2738 4600
1006 344 1455 417 POLITIA
1509 344 1641 416 lx„
2294 350 2378 422 25

275 523 408 593 effe
420 519 710 591 maxime
731 515 999 604 regium
1016 518 1221 605 seque
1233 520 1452 608 ipsum
1467 529 1838 604 regentem,
1861 523 2226 609 perfimum
2242 543 2379 590 ve-

276 650 358 695 ro
386 637 472 697 ,et
497 621 994 690 iniustisfimum
1025 622 1152 688 ess'e
1194 622 1682 696 miserrimum.
1727 633 1800 688 et
1836 621 2020 693 hune
2051 626 2178 691 effe
2207 646 2373 693 eum

271 729 411 818 qui,
455 749 668 815 quum
711 723 1009 790 maxime
1038 725 1441 812 tyrannicus
1476 725 1657 806 effet,
1700 735 1770 791 et
1797 726 1862 791 so
1901 725 2126 831 ipsum
2153 739 2246 794 ὀι
2269 727 2373 792 ci·-

238 832 556 907 „vitatem
584 827 948 915 tyrannide
974 825 1404 915 opprimeret
1426 827 1460 893 ’ἓ
1501 829 2007 898 Renunciatum
2037 853 2078 895 a
2110 842 2183 894 to
2214 830 2370 909 esto,

260 934 511 1019 inquit.
598 929 782 997 Num
824 929 1069 997 addam
1100 931 1502 1020 praeconio,
1561 934 1703 1007 five
1735 932 2011 1022 fugeret
2050 954 2163 998 eoa
2201 933 2372 998 talea

265 1038 402 1103 effe
432 1036 569 1107 five
598 1056 740 1100 non
763 1033 1036 1122 fugeret
1080 1056 1316 1102 omnes
1349 1046 1419 1101 et
1445 1034 1755 1104 hominos
1801 1049 1870 1105 et
1903 1035 2112 1102 deos?
2155 1034 2369 1118 Adde,

261 1140 514 1228 inquit.
790 1200 798 1209 ,
880 1160 887 1167 ·
1252 1194 1257 1199 .

283 1308 291 1315 .
431 1243 588 1309 ·Ian1
618 1239 1112 1326 haec'quidem,
1154 1239 1476 1328 inquam,
1519 1236 1661 1309 usta
1691 1241 1887 1309 nobis
1914 1242 2043 1310 erit
2074 1242 2369 1309 demon-

258 1344 533 1427 stratio;
590 1342 956 1409 secundam
984 1365 1145 1413 vcro
1180 1355 1448 1432 oportet
1478 1343 1690 1428 hanc,
1713 1334 1790 1411 vfi
1818 1345 2167 1421 videatur,
2215 1345 2364 1410 effe.

261 1446 682 1538 Quaenam?
729 1444 1112 1534 Quoniam,
1157 1447 1732 1533 quemadmodum
1751 1448 2017 1531 civitas,
2060 1448 2365 1534 inquam,

258 1551 481 1627 divisa
529 1549 616 1612 est
654 1547 729 1613 in
759 1560 893 1613 tres
918 1547 1200 1636 species,
1246 1551 1344 1616 ita
1393 1550 1599 1633 etiam
1633 1551 1903 1618 animus
1929 1545 2367 1619 uniuscuius-

216 1698 223 1705 ι
259 1675 406 1741 que
437 1650 805 1738 tripertito,
845 1651 1146 1740 recipici,
1194 1663 1272 1717 ut
1298 1652 1468 1718 mihi
1501 1652 1804 1735 videtur,
1851 1656 2058 1721 aliam
2091 1673 2363 1741 quoquo

264 1755 920 1833 demonstrationem.
1037 1754 1429 1844 Quamnam
1482 1766 1711 1821 autern
1729 1755 1778 1819 ¹?-
1844 1740 2061 1823 Hanc.
2148 1774 2366 1839 quum

262 1871 408 1929 tres
435 1859 564 1924 sint
593 1858 880 1947 speciest,
927 1869 1063 1925 tres
1092 1878 1366 1942 quoque
1406 1859 1796 1942 voluptates
1840 1856 2010 1921 mihi
2048 1854 2369 1920 videntur

264 1964 422 2043 effe,
463 1961 1007 2045 uniuscuiusque
1034 1979 1178 2022 una
1205 1957 1506 2045 propria,
1550 1955 1857 2041 itemque
1888 1957 2280 2047 cupiditates
2297 1971 2372 2025 et

263 2064 589 2153 imperia.
678 2060 1049 2151 Quomodo
1080 2057 1295 2125 dicis?
1339 2058 1575 2145 inquit.
1664 2060 1816 2127 Una
1843 2058 2155 2148 quidem,
2202 2059 2368 2126 dici-

267 2191 472 2250 mus,
518 2176 665 2231 erat
705 2186 782 2229 ea
819 2184 952 2250 qua
984 2160 1314 2250 cognoscit
1337 2161 1581 2246 homo,
1628 2165 1840 2232 altera
1865 2185 2003 2252 qua
2028 2163 2361 2246 irascitur,

266 2271 548 2340 tertiam
605 2289 768 2336 vero
816 2275 1101 2354 propter
1139 2263 1534 2334 varietatem
1574 2289 1711 2334 uno
1757 2290 1896 2334 non
1946 2266 2360 2339 habebamus

263 2373 554 2448 nomine
587 2370 936 2460 appellare
962 2366 1164 2456 ipfius
1193 2370 1513 2458 proprio,
1559 2383 1625 2439 at
1657 2372 1838 2458 quod
1871 2371 2256 2438 maximum
2281 2389 2364 2434 ac

220 2541 225 2546 .
265 2475 758 2558 validissimum
793 2473 869 2538 in
909 2473 977 2536 se
1011 2470 1341 2554 habebat,
1399 2495 1492 2538 ex
1534 2495 1616 2538 eo
1656 2474 2219 2551 nominabamus3
2275 2472 2361 2535 ad

269 2578 672 2669 cupiditates
696 2574 880 2641 enim
910 2575 1316 2662 propensam
1349 2597 1502 2641 eam
1534 2574 1925 2644 dicebamus
1940 2585 2220 2663 propter
2239 2596 2364 2639 ve—

266 2678 689 2762 hementiam
730 2676 1178 2767 cupiditatum
1221 2676 1351 2743 cibi
1392 2689 1461 2743 et
1507 2678 1799 2767 potionis
1845 2689 1914 2743 et
1941 2700 2177 2743 rerum
2214 2677 2365 2745 Ve-

266 2803 637 2856 nerearum
666 2792 739 2846 et
757 2800 1228 2866 quaecumque
1242 2779 1412 2846 aliae
1440 2802 1594 2848 cum
1628 2781 1734 2847 his
1771 2779 2362 2858 coniunctaosunt,

268 2899 480 2974 atque
514 2883 712 2951 etiam
749 2882 1081 2971 pecuniae
1119 2882 1427 2962 avidam,
1473 2880 1631 2969 quia
1661 2903 1788 2970 per
1816 2882 2172 2971 pecuniam
2203 2906 2365 2950 ma·

267 2988 462 3056 xime
488 2987 860 3076 explentur
883 2985 1214 3054 eiusmodi
1251 2983 1667 3073 cupiditates.
1726 2984 1823 3052 Ac-
1846 2996 2032 3050 recte
2060 2983 2362 3072 quidem,

268 3089 512 3178 inquit.
595 3088 837 3157 Nonne
882 3087 1089 3155 etiam
1153 3089 1578 3177 voluptatem
1627 3099 1698 3153 et
1742 3109 2047 3156 amorem
2094 3087 2270 3154 lucri
2310 3087 2362 3151 fi

271 3217 424 3261 eam
453 3193 755 3259 dicamus
785 3190 948 3272 ess‘e,
1004 3177 1305 3260 maxime
1345 3191 1421 3257 in
1451 3212 1588 3257 una
1620 3189 2172 3274 summa-nitatur
2200 3211 2363 3258 ora-

272 3299 368 3370 tio
398 3298 638 3376 nostra,
693 3294 796 3361 ita
840 3304 916 3359 ut
954 3293 1146 3361 nobis
1183 3291 1341 3380 ipfis
1367 3291 1614 3378 aliquid
1656 3291 2098 3373 declaremuc,
2142 3312 2360 3377 quum

271 3402 454 3469 hanc
496 3397 725 3466 animi.
749 3405 1017 3482 partem
1064 3417 1524 3462 memoremus
1544 3396 1577 3459 ’ἒ
1642 3405 1710 3459 et
1750 3397 2168 3484 appellantes
2206 3414 2358 3455 eam

272 3503 609 3592 pecuniae
644 3511 714 3567 et
740 3497 911 3565 lucri
945 3497 1267 3586 cupidam¹
1302 3508 1577 3572 rectene
1607 3495 2146 3586 appellabimus?
2186 3481 2362 3558 Mihi

274 3617 458 3677 certe
509 3604 795 3671 videtur.
882 3595 1071 3689 Quid
1114 3600 1330 3665 vero?
1386 3599 1786 3666 iracundam
1840 3593 2050 3662 animi
2093 3604 2358 3680 partem

270 3732 507 3778 nonne
548 3705 916 3796 imperium
960 3701 1243 3772 dicimus
1272 3700 1357 3767 et*
1395 3701 1755 3769 victoriam
1784 3711 1853 3763 et
1871 3695 2141 3767 laudem
2175 3697 2357 3762 sem-

273 3833 400 3900 per
441 3824 657 3880 totam
686 3806 1054 3896 appetere?
1097 3803 1276 3873 Sane
1321 3804 1623 3898 quidem.
1713 3798 2051 3887 Quocirca
2089 3799 2137 3864 fi
2161 3823 2355 3880 ‘con-

275 3913 595 3992 tentionis
647 3933 797 3976 eam
848 3921 916 3975 et
959 3905 1238 3974 honoris
1277 3906 1591 3993 cupidam
1637 3899 2038 3981 dixerimus,
2080 3915 2353 3969 rectene

277 4013 636 4081 habuerit?
703 4012 1083 4079 Rectissime
1128 4031 1317 4074 vero.
1379 4011 1495 4090 ‚At
1534 4027 1695 4070 vero
1743 4025 1892 4075 eam
1925 4027 2059 4091 qua
2097 4026 2353 4088 cogno-

277 4116 518 4186 scimus
557 4115 840 4205 quilibet
882 4113 1069 4180 videt
1107 4110 1196 4176 ad
1239 4107 1598 4175 veritatem
1644 4107 1986 4197 quomodo
2016 4108 2082 4171 se
2108 4107 2364 4208 habeat·
