2738 4600
1062 339 1569 408 TIMAEUS·
2234 342 2361 411 255

278 532 425 588 rata
454 521 557 586 est.
617 513 865 584 etenim
900 532 1359 598 quaecumque
1384 511 1720 595 triangula
1738 514 1955 600 prima
1980 522 2164 577 recta
2192 513 2361 578 etle-

277 623 397 689 via
436 633 625 689 erant
653 616 1087 700 maximeque
1132 614 1381 679 idonea
1413 616 1493 679 ad
1531 614 1760 701 ignem
1788 627 1854 679 et
1878 639 2121 702 aquam
2157 628 2227 680 et
2252 616 2358 681 a‘e'·

276 748 426 792 rem
460 736 528 789 et
565 736 821 788 terram
862 728 1168 783 accurate
1205 715 1630 796 exhibenda,
1665 718 1831 782 haec
1874 716 2040 781 deus
2079 741 2293 803 quum
2319 742 2362 785 a.

277 827 409 892 suis
434 846 742 911 quaeque
754 821 1109 908 generibus
1134 821 1424 883 seorsum
1443 817 1813 886 secrevisset
1838 831 1901 882 et
1920 821 2371 907 congruentia-

279 930 463 994 inter
494 929 561 989 se
590 926 953 1003 miscuiflet,
994 922 1327 986 seminum
1359 921 1582 985 omnis
1604 920 1867 1004 generis
1901 922 2181 988 cinnum
2212 925 2371 989 uni-¹

281 1033 481 1095 verso
510 1027 775 1092 mortali
816 1024 1047 1112 generi
1082 1022 1531 1104 machinatus,
1574 1025 1945 1090 medullam
1980 1044 2065 1090 ex
2090 1027 2170 1090 iis
2197 1028 2362 1092 effe-

282 1132 408 1212 cit,
469 1128 708 1195 deinde
743 1127 915 1191 sevit
954 1127 1026 1191 in
1075 1149 1155 1189 ea
1196 1138 1400 1209 atque
1437 1125 1671 1191 defixit
1687 1127 2070 1193 animorum
2091 1152 2359 1215 genera,

279 1246 352 1299 et
380 1244 544 1319 quot
585 1231 950 1320 qualesque
987 1227 1304 1291 habitura
1350 1228 1552 1293 effent
1592 1229 1838 1316 figuras
1879 1230 2176 1313 fingulae
2209 1234 2366 1318 spe-
2427 1232 2436 1240 '

277 1336 447 1422 cies,
491 1334 858 1399 medullam
903 1331 1113 1416 ipsam
1165 1330 1241 1392 in
1284 1340 1379 1393 tot
1409 1331 1698 1416 talesque
1726 1332 2062 1397 distribuit
2109 1333 2365 1421 figuras

278 1437 494 1503 statim
525 1437 750 1524 prima
778 1434 850 1496 in
892 1432 1223 1495 divifione.
1274 1442 1341 1493 et
1368 1454 1515 1497 eam
1546 1433 1813 1517 quidem
1844 1437 2185 1503 medullae
2213 1462 2364 1526 par-

282 1554 422 1604 tem
459 1560 633 1624 quae
666 1534 975 1599 divinum
1032 1535 1293 1615 semen,
1340 1544 1686 1622 tamquam
1723 1558 1998 1616 arvum,
2045 1538 2118 1601 in
2148 1541 2215 1602 se
2236 1542 2363 1605 ha-

283 1643 516 1706 bitura
548 1647 726 1716 erat,
770 1634 1102 1719 globosam
1134 1636 1452 1702 omnibus
1481 1635 1777 1723 partibus
1802 1637 2009 1702 finxit
2048 1652 2113 1703 et
2141 1644 2365 1727 appel-

283 1743 455 1810 lavit
488 1738 858 1823 ἐγκέφαλον
902 1738 1336 1819 (cerebrum),
1383 1737 1697 1823 quoniam
1730 1739 2067 1804 animante
2099 1763 2370 1827 quoque

287 1843 588 1909 absoluto
624 1839 819 1905 huius
843 1843 1341 1926 receptaculum
1371 1841 1604 1905 futura
1634 1843 1787 1904 ess'et
1804 1832 2060 1925 κεφαλή
2075 1844 2368 1929 (caput);

286 1969 462 2034 quae
501 1966 663 2010 vero
717 1941 1047 2029 reliquam
1100 1955 1166 2007 et
1223 1944 1582 2007 mortalem
1635 1945 1845 2008 animi
1898 1955 2166 2031 partem
2227 1959 2373 2011 erat

288 2047 904 2135 comprehensura,
970 2066 1117 2108 eam
1172 2044 1242 2108 in
1293 2044 1623 2122 ‘rotundas
1683 2045 2007 2131 fimulque
2055 2046 2373 2133 oblongas

292 2151 504 2238 divisit
550 2149 795 2233 figuras
840 2158 1184 2232 totamque
1229 2147 1586 2212 medullam
1641 2148 2024 2218 nominavit
2059 2162 2161 2231 et,x
2191 2147 2372 2237 quast

290 2275 545 2320 ancora
576 2237 745 2344 iacta
761 2297 785 2328 ,
849 2247 972 2313 hac
1022 2246 1332 2314 stabilivit
1371 2248 1669 2315 univerfi
1716 2249 1926 2315 animi
1956 2251 2230 2320 vincula
2268 2266 2381 2320 to..

288 2371 571 2441 tumque
621 2353 752 2418 iam
803 2374 1043 2439 corpus
1078 2354 1373 2416 nostrum
1416 2350 1592 2414 circa
1624 2374 1772 2415 eam
1805 2352 2114 2434 absolvit,
2159 2376 2387 2440 quum„

288 2460 478 2546 prius
509 2457 573 2520 ei
600 2466 1061 2540 tegumentum
1085 2454 1510 2538 compegisset
1537 2455 1791 2537 septum
1814 2458 2088 2523 osseum.
2120 2457 2217 2520 Os
2248 2478 2374 2522 an-

292 2572 429 2623 tem
454 2556 801 2644 componit
821 2556 933 2619 ita.
949 2568 1205 2619 terram
1236 2555 1602 2620 cribratam
1621 2577 1864 2642 puram
1893 2567 1961 2619 et
1986 2558 2205 2623 levem
2224 2559 2373 2622 sub-

295 2658 429 2743 egit
456 2653 886 2740 medullaque
919 2655 1184 2728 imbuit,
1205 2668 1271 2719 et
1317 2654 1560 2719 deinde
1588 2657 1658 2722 in
1685 2660 1909 2741 ignem
1946 2679 2097 2723 eam
2126 2659 2355 2737 iniicit,

291 2761 516 2849 postea
571 2758 645 2822 in
684 2779 930 2842 aquam
965 2757 1341 2843 immergit,
1388 2760 1750 2844 rursusque
1789 2760 2129 2845 inignem
2179 2762 2357 2827 iter-

293 2874 561 2945 umque
604 2860 678 2923 in
722 2881 1000 2943 aquam;
1063 2871 1130 2942 et
1174 2859 1265 2924 ita
1309 2859 1580 2946 'saepius
1628 2863 1699 2925 in
1747 2874 2116 2947 utrumque
2157 2884 2374 2948 quum

292 2961 730 3030 transtuliffet
758 2958 978 3025 effecit
1023 2973 1100 3024 ut
1140 2974 1465 3027 neutrum
1505 2985 1655 3029 eam
1698 2971 1908 3051 posset
1945 2963 2372 3050 liquefacere.

291 3067 467 3131 hanc
499 3063 701 3146 igitur
722 3062 1043 3127 adhibens
1060 3062 1236 3128 circa
1267 3063 1621 3129 cerebrum
1640 3065 1922 3150 globum
1951 3068 2249 3132 tornavit
2268 3068 2391 3132 os-·

296 3170 506 3240 seum,
527 3164 686 3230 huic
700 3186 868 3230 vero
896 3169 1241 3252 angustum
1265 3165 1540 3251 reliquit
1557 3167 1915 3230 transitum
1935 3196 1952 3242 ;
1973 3180 2038 3232 et
2049 3169 2227 3234 circa
2242 3193 2378 3234 me-

301 3272 555 3337 dullam
591 3268 868 3333 cervicis
891 3279 955 3331 et
984 3267 1517 3334 dorsi-vertebras
1537 3289 1619 3331 ex
1639 3289 1709 3331 ea
1730 3268 1946 3349 finxit,
1964 3293 2129 3355 quas
2148 3272 2378 3335 subdi·-

298 3374 401 3439 dit
432 3384 780 3457 tamquam
816 3370 1118 3434 cardines
1163 3371 1321 3435 inde
1354 3377 1409 3434 a*
1439 3370 1654 3457 capite
1681 3393 1804 3456 per
1835 3383 2055 3436 totum
2105 3392 2377 3454 corpus..

298 3487 368 3540 et
406 3494 608 3538 omne
633 3471 908 3556 quidem
944 3471 1174 3535 semen
1216 3494 1294 3534 eo
1328 3472 1620 3536 servavit
1649 3473 1828 3557 quod
1859 3475 2046 3558 septo
2061 3493 2381 3549 ¹commu-

297 3575 484 3644 nivit
535 3585 881 3659 tamquam
931 3572 1226 3659 lapideo,
1302 3573 1619 3651 articulos
1683 3573 1988 3639 iniiciens
2041 3583 2266 3638 motus
2317 3584 2382 3637 et

299 3676 619 3745 flexionis
664 3674 899 3747 causa,
960 3675 1042 3738 ad
1096 3698 1259 3761 quos
1315 3676 1596 3741 alterius
1660 3675 1807 3740 vim
1847 3687 2188 3759 tamquam
2232 3696 2383 3738 me-

303 3783 487 3848 diam
529 3776 953 3843 interiectam
997 3777 1319 3843 adhibuit.
1387 3778 1640 3859 ¹Offeae
1676 3798 1837 3839 vero
1872 3764 2156 3838 naturae
2185 3774 2384 3841 habi-

304 3897 453 3950 tum
503 3881 664 3967 quia
705 3877 1157 3944 arbitrabatur
1200 3878 1593 3964 rigidiorem
1637 3882 1760 3942 effe
1792 3897 1991 3960 quam
2042 3889 2384 3962 oporteret

308 3998 376 4053 et
409 4008 450 4052 a
478 3982 775 4050 flexione
812 3981 1205 4054 alieniorem
1237 3992 1341 4063 et,
1388 4001 1595 4067 quum
1639 3978 1886 4064 ignitus
1913 3980 2197 4045 evaslffet
2222 4003 2385 4046 rur-
