<?xml version="1.0" encoding="UTF-8"?>
<!DOCTYPE html PUBLIC "-//W3C//DTD XHTML 1.0 Transitional//EN"
    "http://www.w3.org/TR/xhtml1/DTD/xhtml1-transitional.dtd">
<html xmlns="http://www.w3.org/1999/xhtml" xml:lang="en" lang="en">
 <head>
  <title>
</title>
<meta http-equiv="Content-Type" content="text/html;charset=utf-8" />
  <meta name='ocr-system' content='tesseract 3.04.00' />
  <meta name='ocr-capabilities' content='ocr_page ocr_carea ocr_par ocr_line ocrx_word'/>
</head>
<body>
  <div class='ocr_page' id='page_1' title='image "./platonisquaeexs00astgoog_0129.png"; bbox 0 0 2738 4600; ppageno 0'>
   <div class='ocr_carea' id='block_1_1' title="bbox 941 269 961 298">
    <p class='ocr_par' dir='ltr' id='par_1_1' title="bbox 941 269 961 298">
     <span class='ocr_line' id='line_1_1' title="bbox 941 269 961 298; baseline 0 0"><span class='ocrx_word' id='word_1_1' title='bbox 941 269 961 298; x_wconf 62' lang='grc' dir='ltr'>ἱ</span> 
     </span>
    </p>
   </div>
   <div class='ocr_carea' id='block_1_2' title="bbox 1061 354 2349 458">
    <p class='ocr_par' dir='ltr' id='par_1_2' title="bbox 1061 354 2349 458">
     <span class='ocr_line' id='line_1_2' title="bbox 1061 354 2349 458; baseline 0.005 -7"><span class='ocrx_word' id='word_1_2' title='bbox 1061 358 1577 454; x_wconf 75' lang='lat' dir='ltr'>TIMAEos.</span> <span class='ocrx_word' id='word_1_3' title='bbox 1844 354 1852 363; x_wconf 80' lang='grc'><strong>’</strong></span> <span class='ocrx_word' id='word_1_4' title='bbox 2233 406 2349 458; x_wconf 67' lang='grc' dir='ltr'>ωι</span> 
     </span>
    </p>
   </div>
   <div class='ocr_carea' id='block_1_3' title="bbox 268 553 2365 1363">
    <p class='ocr_par' dir='ltr' id='par_1_3' title="bbox 268 553 2365 1363">
     <span class='ocr_line' id='line_1_3' title="bbox 346 553 2358 647; baseline 0.002 -22"><span class='ocrx_word' id='word_1_5' title='bbox 346 566 352 577; x_wconf 73' lang='grc'><strong>“</strong></span> <span class='ocrx_word' id='word_1_6' title='bbox 434 553 776 625; x_wconf 53' lang='lat' dir='ltr'>&amp;re-Haec</span> <span class='ocrx_word' id='word_1_7' title='bbox 817 556 975 621; x_wconf 82' lang='lat' dir='ltr'>funt</span> <span class='ocrx_word' id='word_1_8' title='bbox 1014 555 1360 642; x_wconf 76' lang='lat' dir='ltr'>facienda,</span> <span class='ocrx_word' id='word_1_9' title='bbox 1402 560 1450 627; x_wconf 82' lang='lat' dir='ltr'><strong>fi</strong></span> <span class='ocrx_word' id='word_1_10' title='bbox 1490 555 1689 623; x_wconf 83' lang='lat' dir='ltr'>tertio</span> <span class='ocrx_word' id='word_1_11' title='bbox 1730 572 1997 647; x_wconf 76' lang='lat' dir='ltr'>quoque</span> <span class='ocrx_word' id='word_1_12' title='bbox 2029 559 2205 628; x_wconf 82' lang='lat' dir='ltr'>socio</span> <span class='ocrx_word' id='word_1_13' title='bbox 2229 561 2358 629; x_wconf 74' lang='lat' dir='ltr'>Ti·</span> 
     </span>
     <span class='ocr_line' id='line_1_4' title="bbox 269 659 1294 729; baseline -0.01 0"><span class='ocrx_word' id='word_1_14' title='bbox 269 680 461 729; x_wconf 80' lang='lat' dir='ltr'>maeo</span> <span class='ocrx_word' id='word_1_15' title='bbox 503 659 595 724; x_wconf 88' lang='lat' dir='ltr'>ita</span> <span class='ocrx_word' id='word_1_16' title='bbox 639 659 930 724; x_wconf 87' lang='lat' dir='ltr'>videtur.</span> <span class='ocrx_word' id='word_1_17' title='bbox 1288 660 1294 665; x_wconf 83' lang='grc'><strong><em>’</em></strong></span> 
     </span>
     <span class='ocr_line' id='line_1_5' title="bbox 443 762 1202 837; baseline -0.004 -6"><span class='ocrx_word' id='word_1_18' title='bbox 443 764 556 831; x_wconf 79' lang='lat' dir='ltr'>Ti.</span> <span class='ocrx_word' id='word_1_19' title='bbox 604 762 888 828; x_wconf 85' lang='lat' dir='ltr'>Videtur</span> <span class='ocrx_word' id='word_1_20' title='bbox 927 783 1129 829; x_wconf 84' lang='lat' dir='ltr'>vero..</span> <span class='ocrx_word' id='word_1_21' title='bbox 1198 833 1202 837; x_wconf 20' lang='lat'><strong>⁴</strong></span> 
     </span>
     <span class='ocr_line' id='line_1_6' title="bbox 436 860 2359 956; baseline 0.001 -23"><span class='ocrx_word' id='word_1_22' title='bbox 436 867 547 934; x_wconf 82' lang='lat' dir='ltr'>Gr.</span> <span class='ocrx_word' id='word_1_23' title='bbox 601 864 777 932; x_wconf 85' lang='lat' dir='ltr'>Audi</span> <span class='ocrx_word' id='word_1_24' title='bbox 823 864 1059 950; x_wconf 86' lang='lat' dir='ltr'>igitur,</span> <span class='ocrx_word' id='word_1_25' title='bbox 1103 860 1417 945; x_wconf 82' lang='lat' dir='ltr'>Socrate,</span> <span class='ocrx_word' id='word_1_26' title='bbox 1474 864 1930 931; x_wconf 81' lang='lat' dir='ltr'>narrationem</span> <span class='ocrx_word' id='word_1_27' title='bbox 1973 868 2171 933; x_wconf 79' lang='lat' dir='ltr'>valde</span> <span class='ocrx_word' id='word_1_28' title='bbox 2199 866 2359 956; x_wconf 79' lang='lat' dir='ltr'>qui-</span> 
     </span>
     <span class='ocr_line' id='line_1_7' title="bbox 269 967 2359 1061; baseline 0 -28"><span class='ocrx_word' id='word_1_29' title='bbox 269 968 429 1033; x_wconf 85' lang='lat' dir='ltr'>dem</span> <span class='ocrx_word' id='word_1_30' title='bbox 484 967 983 1044; x_wconf 81' lang='lat' dir='ltr'>admirabilem,</span> <span class='ocrx_word' id='word_1_31' title='bbox 1043 971 1315 1056; x_wconf 82' lang='lat' dir='ltr'>prorsus</span> <span class='ocrx_word' id='word_1_32' title='bbox 1366 981 1597 1034; x_wconf 89' lang='lat' dir='ltr'>tamen</span> <span class='ocrx_word' id='word_1_33' title='bbox 1642 990 1918 1048; x_wconf 87' lang='lat' dir='ltr'>veram,</span> <span class='ocrx_word' id='word_1_34' title='bbox 1981 983 2059 1036; x_wconf 90' lang='lat' dir='ltr'>ut</span> <span class='ocrx_word' id='word_1_35' title='bbox 2102 972 2359 1061; x_wconf 84' lang='lat' dir='ltr'>septem</span> 
     </span>
     <span class='ocr_line' id='line_1_8' title="bbox 268 1068 2362 1156; baseline 0 -19"><span class='ocrx_word' id='word_1_36' title='bbox 268 1071 544 1137; x_wconf 88' lang='lat' dir='ltr'>illorum</span> <span class='ocrx_word' id='word_1_37' title='bbox 594 1068 1101 1156; x_wconf 71' lang='lat' dir='ltr'>sapientissimus</span> <span class='ocrx_word' id='word_1_38' title='bbox 1134 1070 1342 1137; x_wconf 87' lang='lat' dir='ltr'>Solon</span> <span class='ocrx_word' id='word_1_39' title='bbox 1390 1071 1754 1155; x_wconf 84' lang='lat' dir='ltr'>aliquando</span> <span class='ocrx_word' id='word_1_40' title='bbox 1803 1070 1996 1138; x_wconf 81' lang='lat' dir='ltr'><strong>dixit.</strong></span> <span class='ocrx_word' id='word_1_41' title='bbox 2052 1085 2192 1137; x_wconf 89' lang='lat' dir='ltr'>erat</span> <span class='ocrx_word' id='word_1_42' title='bbox 2233 1097 2362 1139; x_wconf 58' lang='lat' dir='ltr'>aus-</span> 
     </span>
     <span class='ocr_line' id='line_1_9' title="bbox 272 1171 2364 1261; baseline 0.001 -23"><span class='ocrx_word' id='word_1_43' title='bbox 272 1186 412 1238; x_wconf 80' lang='lat' dir='ltr'>tem</span> <span class='ocrx_word' id='word_1_44' title='bbox 445 1171 788 1238; x_wconf 84' lang='lat' dir='ltr'>familiaris</span> <span class='ocrx_word' id='word_1_45' title='bbox 815 1184 884 1235; x_wconf 88' lang='lat' dir='ltr'>et</span> <span class='ocrx_word' id='word_1_46' title='bbox 910 1173 1277 1239; x_wconf 86' lang='lat' dir='ltr'>admodum</span> <span class='ocrx_word' id='word_1_47' title='bbox 1311 1175 1567 1238; x_wconf 87' lang='lat' dir='ltr'>amicus</span> <span class='ocrx_word' id='word_1_48' title='bbox 1582 1174 1903 1261; x_wconf 82' lang='lat' dir='ltr'>Dropidis</span> <span class='ocrx_word' id='word_1_49' title='bbox 1934 1175 2135 1240; x_wconf 83' lang='lat' dir='ltr'>nostri</span> <span class='ocrx_word' id='word_1_50' title='bbox 2169 1197 2364 1261; x_wconf 84' lang='lat' dir='ltr'>proa-</span> 
     </span>
     <span class='ocr_line' id='line_1_10' title="bbox 269 1274 2365 1363; baseline 0.001 -23"><span class='ocrx_word' id='word_1_51' title='bbox 269 1278 378 1357; x_wconf 80' lang='lat' dir='ltr'>vi,</span> <span class='ocrx_word' id='word_1_52' title='bbox 423 1274 1000 1361; x_wconf 73' lang='lat' dir='ltr'>quemadmodum</span> <span class='ocrx_word' id='word_1_53' title='bbox 1045 1275 1181 1363; x_wconf 87' lang='lat' dir='ltr'>ipse</span> <span class='ocrx_word' id='word_1_54' title='bbox 1214 1299 1481 1362; x_wconf 90' lang='lat' dir='ltr'>quoque</span> <span class='ocrx_word' id='word_1_55' title='bbox 1509 1276 1772 1363; x_wconf 81' lang='lat' dir='ltr'>saepius</span> <span class='ocrx_word' id='word_1_56' title='bbox 1814 1275 1973 1341; x_wconf 88' lang='lat' dir='ltr'>dicit</span> <span class='ocrx_word' id='word_1_57' title='bbox 2012 1277 2083 1340; x_wconf 93' lang='lat' dir='ltr'>in</span> <span class='ocrx_word' id='word_1_58' title='bbox 2123 1277 2365 1342; x_wconf 85' lang='lat' dir='ltr'>carmi-</span> 
     </span>
    </p>
   </div>
   <div class='ocr_carea' id='block_1_4' title="bbox 170 1376 2366 1457">
    <p class='ocr_par' dir='ltr' id='par_1_4' title="bbox 170 1376 2366 1457">
     <span class='ocr_line' id='line_1_11' title="bbox 170 1376 2366 1457; baseline 0 -13"><span class='ocrx_word' id='word_1_59' title='bbox 170 1423 175 1429; x_wconf 83' lang='lat'><strong>·</strong></span> <span class='ocrx_word' id='word_1_60' title='bbox 272 1379 511 1454; x_wconf 85' lang='lat' dir='ltr'>nibus;</span> <span class='ocrx_word' id='word_1_61' title='bbox 561 1390 624 1443; x_wconf 83' lang='lat' dir='ltr'>et</span> <span class='ocrx_word' id='word_1_62' title='bbox 656 1376 906 1442; x_wconf 76' lang='lat' dir='ltr'><strong>Critiae</strong></span> <span class='ocrx_word' id='word_1_63' title='bbox 944 1378 1168 1443; x_wconf 81' lang='lat' dir='ltr'>nostro</span> <span class='ocrx_word' id='word_1_64' title='bbox 1208 1401 1338 1443; x_wconf 87' lang='lat' dir='ltr'>avo</span> <span class='ocrx_word' id='word_1_65' title='bbox 1384 1378 1651 1457; x_wconf 88' lang='lat' dir='ltr'>retulit,</span> <span class='ocrx_word' id='word_1_66' title='bbox 1696 1389 1773 1444; x_wconf 89' lang='lat' dir='ltr'>ut</span> <span class='ocrx_word' id='word_1_67' title='bbox 1804 1378 2209 1446; x_wconf 84' lang='lat' dir='ltr'>memoravit</span> <span class='ocrx_word' id='word_1_68' title='bbox 2237 1402 2366 1445; x_wconf 55' lang='lat' dir='ltr'>noa·</span> 
     </span>
    </p>
   </div>
   <div class='ocr_carea' id='block_1_5' title="bbox 234 1480 2476 4227">
    <p class='ocr_par' dir='ltr' id='par_1_5' title="bbox 234 1480 2476 4227">
     <span class='ocr_line' id='line_1_12' title="bbox 266 1480 2366 1571; baseline 0.001 -25"><span class='ocrx_word' id='word_1_69' title='bbox 266 1481 374 1546; x_wconf 82' lang='lat' dir='ltr'>bis</span> <span class='ocrx_word' id='word_1_70' title='bbox 404 1483 636 1549; x_wconf 81' lang='lat' dir='ltr'>rursus</span> <span class='ocrx_word' id='word_1_71' title='bbox 668 1481 869 1542; x_wconf 84' lang='lat' dir='ltr'>senex</span> <span class='ocrx_word' id='word_1_72' title='bbox 896 1522 917 1552; x_wconf 90' lang='lat'><strong>,</strong></span> <span class='ocrx_word' id='word_1_73' title='bbox 957 1500 1195 1565; x_wconf 84' lang='lat' dir='ltr'>magna</span> <span class='ocrx_word' id='word_1_74' title='bbox 1228 1493 1296 1571; x_wconf 78' lang='lat' dir='ltr'>et</span> <span class='ocrx_word' id='word_1_75' title='bbox 1329 1480 1666 1554; x_wconf 81' lang='lat' dir='ltr'>mirabilia</span> <span class='ocrx_word' id='word_1_76' title='bbox 1706 1481 1869 1548; x_wconf 88' lang='lat' dir='ltr'>olim</span> <span class='ocrx_word' id='word_1_77' title='bbox 1919 1484 2091 1554; x_wconf 88' lang='lat' dir='ltr'>hanc</span> <span class='ocrx_word' id='word_1_78' title='bbox 2125 1485 2366 1553; x_wconf 82' lang='lat' dir='ltr'>urbem</span> 
     </span>
     <span class='ocr_line' id='line_1_13' title="bbox 277 1581 2366 1670; baseline 0.001 -24"><span class='ocrx_word' id='word_1_79' title='bbox 277 1582 554 1648; x_wconf 75' lang='lat' dir='ltr'>edidisse</span> <span class='ocrx_word' id='word_1_80' title='bbox 583 1595 825 1668; x_wconf 73' lang='lat' dir='ltr'>opera3</span> <span class='ocrx_word' id='word_1_81' title='bbox 869 1594 1172 1670; x_wconf 80' lang='lat' dir='ltr'>tempore</span> <span class='ocrx_word' id='word_1_82' title='bbox 1196 1581 1691 1663; x_wconf 81' lang='lat' dir='ltr'>hominumque</span> <span class='ocrx_word' id='word_1_83' title='bbox 1715 1582 1995 1651; x_wconf 77' lang='lat' dir='ltr'>interitu</span> <span class='ocrx_word' id='word_1_84' title='bbox 2020 1586 2366 1666; x_wconf 77' lang='lat' dir='ltr'>exstincta,</span> 
     </span>
     <span class='ocr_line' id='line_1_14' title="bbox 274 1684 2369 1770; baseline 0.001 -21"><span class='ocrx_word' id='word_1_85' title='bbox 274 1684 592 1749; x_wconf 88' lang='lat' dir='ltr'>omnium</span> <span class='ocrx_word' id='word_1_86' title='bbox 621 1706 781 1746; x_wconf 81' lang='lat' dir='ltr'>vcro</span> <span class='ocrx_word' id='word_1_87' title='bbox 814 1708 1027 1750; x_wconf 87' lang='lat' dir='ltr'>unum</span> <span class='ocrx_word' id='word_1_88' title='bbox 1059 1686 1437 1750; x_wconf 86' lang='lat' dir='ltr'>maximum</span> <span class='ocrx_word' id='word_1_89' title='bbox 1460 1733 1478 1762; x_wconf 90' lang='lat'><strong>,</strong></span> <span class='ocrx_word' id='word_1_90' title='bbox 1511 1685 1697 1770; x_wconf 88' lang='lat' dir='ltr'>quod</span> <span class='ocrx_word' id='word_1_91' title='bbox 1730 1708 1914 1752; x_wconf 88' lang='lat' dir='ltr'>nunc</span> <span class='ocrx_word' id='word_1_92' title='bbox 1941 1709 2369 1768; x_wconf 79' lang='lat' dir='ltr'>commemo-</span> 
     </span>
     <span class='ocr_line' id='line_1_15' title="bbox 270 1786 2371 1872; baseline -0 -18"><span class='ocrx_word' id='word_1_93' title='bbox 270 1798 501 1855; x_wconf 80' lang='lat' dir='ltr'>rantes</span> <span class='ocrx_word' id='word_1_94' title='bbox 528 1809 646 1850; x_wconf 81' lang='lat' dir='ltr'>nos</span> <span class='ocrx_word' id='word_1_95' title='bbox 675 1786 909 1850; x_wconf 89' lang='lat' dir='ltr'>deceat</span> <span class='ocrx_word' id='word_1_96' title='bbox 938 1787 1059 1850; x_wconf 79' lang='lat' dir='ltr'>tibi</span> <span class='ocrx_word' id='word_1_97' title='bbox 1089 1788 1373 1872; x_wconf 83' lang='lat' dir='ltr'>gratiam</span> <span class='ocrx_word' id='word_1_98' title='bbox 1404 1786 1781 1872; x_wconf 84' lang='lat' dir='ltr'>persolvere</span> <span class='ocrx_word' id='word_1_99' title='bbox 1812 1787 2138 1871; x_wconf 85' lang='lat' dir='ltr'>fimulque</span> <span class='ocrx_word' id='word_1_100' title='bbox 2169 1788 2371 1853; x_wconf 80' lang='lat' dir='ltr'>deam</span> 
     </span>
     <span class='ocr_line' id='line_1_16' title="bbox 271 1888 2372 1973; baseline -0 -18"><span class='ocrx_word' id='word_1_101' title='bbox 271 1889 354 1955; x_wconf 83' lang='lat' dir='ltr'>in</span> <span class='ocrx_word' id='word_1_102' title='bbox 415 1890 572 1955; x_wconf 84' lang='lat' dir='ltr'>festo</span> <span class='ocrx_word' id='word_1_103' title='bbox 629 1901 828 1954; x_wconf 88' lang='lat' dir='ltr'>coetu</span> <span class='ocrx_word' id='word_1_104' title='bbox 888 1889 1064 1954; x_wconf 84' lang='lat' dir='ltr'>iuste.</span> <span class='ocrx_word' id='word_1_105' title='bbox 1094 1900 1162 1954; x_wconf 88' lang='lat' dir='ltr'>et</span> <span class='ocrx_word' id='word_1_106' title='bbox 1215 1910 1379 1953; x_wconf 84' lang='lat' dir='ltr'>vere</span> <span class='ocrx_word' id='word_1_107' title='bbox 1421 1899 1768 1973; x_wconf 80' lang='lat' dir='ltr'>tamquam</span> <span class='ocrx_word' id='word_1_108' title='bbox 1834 1888 2131 1954; x_wconf 84' lang='lat' dir='ltr'>carmine</span> <span class='ocrx_word' id='word_1_109' title='bbox 2194 1888 2372 1954; x_wconf 68' lang='lat' dir='ltr'>cela·-</span> 
     </span>
     <span class='ocr_line' id='line_1_17' title="bbox 274 1992 587 2067; baseline -0.013 -11"><span class='ocrx_word' id='word_1_110' title='bbox 274 1992 498 2057; x_wconf 81' lang='lat' dir='ltr'>brare.</span> <span class='ocrx_word' id='word_1_111' title='bbox 583 2063 587 2067; x_wconf 20' lang='lat'>¹</span> 
     </span>
     <span class='ocr_line' id='line_1_18' title="bbox 460 2088 2374 2178; baseline 0 -23"><span class='ocrx_word' id='word_1_112' title='bbox 460 2092 566 2157; x_wconf 78' lang='lat' dir='ltr'>So,</span> <span class='ocrx_word' id='word_1_113' title='bbox 608 2094 790 2156; x_wconf 88' lang='lat' dir='ltr'>Bene</span> <span class='ocrx_word' id='word_1_114' title='bbox 837 2092 1019 2158; x_wconf 87' lang='lat' dir='ltr'>dicis.</span> <span class='ocrx_word' id='word_1_115' title='bbox 1067 2103 1135 2156; x_wconf 89' lang='lat' dir='ltr'>at</span> <span class='ocrx_word' id='word_1_116' title='bbox 1164 2092 1361 2176; x_wconf 86' lang='lat' dir='ltr'>quale</span> <span class='ocrx_word' id='word_1_117' title='bbox 1390 2091 1570 2158; x_wconf 81' lang='lat' dir='ltr'>illud</span> <span class='ocrx_word' id='word_1_118' title='bbox 1602 2114 1769 2178; x_wconf 81' lang='lat' dir='ltr'>opus</span> <span class='ocrx_word' id='word_1_119' title='bbox 1803 2090 2050 2161; x_wconf 76' lang='lat' dir='ltr'>Critias</span> <span class='ocrx_word' id='word_1_120' title='bbox 2093 2113 2228 2171; x_wconf 82' lang='lat' dir='ltr'>non</span> <span class='ocrx_word' id='word_1_121' title='bbox 2262 2088 2374 2155; x_wconf 88' lang='lat' dir='ltr'>di·-</span> 
     </span>
     <span class='ocr_line' id='line_1_19' title="bbox 279 2194 2369 2280; baseline -0.001 -19"><span class='ocrx_word' id='word_1_122' title='bbox 279 2206 506 2269; x_wconf 84' lang='lat' dir='ltr'>etum,</span> <span class='ocrx_word' id='word_1_123' title='bbox 553 2194 659 2257; x_wconf 85' lang='lat' dir='ltr'>sed</span> <span class='ocrx_word' id='word_1_124' title='bbox 685 2216 916 2260; x_wconf 82' lang='lat' dir='ltr'>revera</span> <span class='ocrx_word' id='word_1_125' title='bbox 943 2195 1197 2259; x_wconf 80' lang='lat' dir='ltr'>editum</span> <span class='ocrx_word' id='word_1_126' title='bbox 1232 2197 1314 2260; x_wconf 92' lang='lat' dir='ltr'>ab</span> <span class='ocrx_word' id='word_1_127' title='bbox 1360 2196 1563 2268; x_wconf 84' lang='lat' dir='ltr'>hacce</span> <span class='ocrx_word' id='word_1_128' title='bbox 1591 2195 1759 2260; x_wconf 84' lang='lat' dir='ltr'>urbe</span> <span class='ocrx_word' id='word_1_129' title='bbox 1802 2194 2171 2280; x_wconf 87' lang='lat' dir='ltr'>antiquitus</span> <span class='ocrx_word' id='word_1_130' title='bbox 2211 2215 2369 2258; x_wconf 88' lang='lat' dir='ltr'>nar·</span> 
     </span>
     <span class='ocr_line' id='line_1_20' title="bbox 277 2294 1524 2369; baseline -0.005 0"><span class='ocrx_word' id='word_1_131' title='bbox 277 2299 465 2369; x_wconf 85' lang='lat' dir='ltr'>ravit</span> <span class='ocrx_word' id='word_1_132' title='bbox 510 2321 548 2361; x_wconf 88' lang='lat' dir='ltr'>e</span> <span class='ocrx_word' id='word_1_133' title='bbox 573 2294 835 2364; x_wconf 82' lang='lat' dir='ltr'>Solonis</span> <span class='ocrx_word' id='word_1_134' title='bbox 877 2297 1246 2364; x_wconf 73' lang='lat' dir='ltr'>relatione?</span> <span class='ocrx_word' id='word_1_135' title='bbox 1519 2299 1524 2310; x_wconf 64' lang='lat'><strong>¹</strong></span> 
     </span>
     <span class='ocr_line' id='line_1_21' title="bbox 336 2398 2377 2484; baseline -0 -19"><span class='ocrx_word' id='word_1_136' title='bbox 336 2469 341 2474; x_wconf 70' lang='grc'><em>,</em></span> <span class='ocrx_word' id='word_1_137' title='bbox 436 2400 578 2469; x_wconf 64' lang='lat' dir='ltr'>Cr.</span> <span class='ocrx_word' id='word_1_138' title='bbox 624 2399 766 2484; x_wconf 87' lang='lat' dir='ltr'>Ego</span> <span class='ocrx_word' id='word_1_139' title='bbox 820 2398 1035 2463; x_wconf 83' lang='lat' dir='ltr'>dicam</span> <span class='ocrx_word' id='word_1_140' title='bbox 1083 2413 1382 2467; x_wconf 82' lang='lat' dir='ltr'>veterem</span> <span class='ocrx_word' id='word_1_141' title='bbox 1428 2403 1895 2470; x_wconf 76' lang='lat' dir='ltr'>narrationem</span> <span class='ocrx_word' id='word_1_142' title='bbox 1947 2422 1989 2463; x_wconf 88' lang='lat' dir='ltr'>a</span> <span class='ocrx_word' id='word_1_143' title='bbox 2019 2404 2189 2478; x_wconf 57' lang='lat' dir='ltr'>{viro</span> <span class='ocrx_word' id='word_1_144' title='bbox 2231 2421 2377 2464; x_wconf 81' lang='lat' dir='ltr'>non</span> 
     </span>
     <span class='ocr_line' id='line_1_22' title="bbox 280 2500 2381 2589; baseline -0.002 -20"><span class='ocrx_word' id='word_1_145' title='bbox 280 2502 514 2569; x_wconf 88' lang='lat' dir='ltr'>iuveni</span> <span class='ocrx_word' id='word_1_146' title='bbox 561 2513 971 2589; x_wconf 85' lang='lat' dir='ltr'>perceptam.</span> <span class='ocrx_word' id='word_1_147' title='bbox 1031 2502 1263 2568; x_wconf 84' lang='lat' dir='ltr'>aberat</span> <span class='ocrx_word' id='word_1_148' title='bbox 1305 2504 1485 2568; x_wconf 87' lang='lat' dir='ltr'>enim</span> <span class='ocrx_word' id='word_1_149' title='bbox 1531 2514 1678 2566; x_wconf 83' lang='lat' dir='ltr'>tum</span> <span class='ocrx_word' id='word_1_150' title='bbox 1727 2501 2000 2579; x_wconf 79' lang='lat' dir='ltr'>Critias,</span> <span class='ocrx_word' id='word_1_151' title='bbox 2063 2512 2139 2564; x_wconf 88' lang='lat' dir='ltr'>ut</span> <span class='ocrx_word' id='word_1_152' title='bbox 2180 2500 2381 2582; x_wconf 84' lang='lat' dir='ltr'>dixit,</span> 
     </span>
     <span class='ocr_line' id='line_1_23' title="bbox 284 2601 2376 2696; baseline -0.001 -26"><span class='ocrx_word' id='word_1_153' title='bbox 284 2627 504 2696; x_wconf 79' lang='lat' dir='ltr'>prope</span> <span class='ocrx_word' id='word_1_154' title='bbox 537 2604 681 2668; x_wconf 82' lang='lat' dir='ltr'>fere</span> <span class='ocrx_word' id='word_1_155' title='bbox 732 2603 814 2666; x_wconf 89' lang='lat' dir='ltr'>ab</span> <span class='ocrx_word' id='word_1_156' title='bbox 855 2626 1034 2668; x_wconf 83' lang='lat' dir='ltr'>anno</span> <span class='ocrx_word' id='word_1_157' title='bbox 1082 2608 1545 2691; x_wconf 79' lang='lat' dir='ltr'>nonagesimo,</span> <span class='ocrx_word' id='word_1_158' title='bbox 1595 2616 1660 2696; x_wconf 80' lang='lat' dir='ltr'>et</span> <span class='ocrx_word' id='word_1_159' title='bbox 1704 2626 1824 2691; x_wconf 90' lang='lat' dir='ltr'>ego</span> <span class='ocrx_word' id='word_1_160' title='bbox 1870 2602 2231 2669; x_wconf 85' lang='lat' dir='ltr'>admodum</span> <span class='ocrx_word' id='word_1_161' title='bbox 2275 2601 2376 2668; x_wconf 85' lang='lat' dir='ltr'>fui</span> 
     </span>
     <span class='ocr_line' id='line_1_24' title="bbox 287 2703 2377 2796; baseline 0 -23"><span class='ocrx_word' id='word_1_162' title='bbox 287 2707 635 2773; x_wconf 83' lang='lat' dir='ltr'>decennis.</span> <span class='ocrx_word' id='word_1_163' title='bbox 698 2703 1022 2789; x_wconf 85' lang='lat' dir='ltr'>agebatur</span> <span class='ocrx_word' id='word_1_164' title='bbox 1071 2720 1295 2771; x_wconf 89' lang='lat' dir='ltr'>autem</span> <span class='ocrx_word' id='word_1_165' title='bbox 1353 2707 1547 2772; x_wconf 85' lang='lat' dir='ltr'>nobis</span> <span class='ocrx_word' id='word_1_166' title='bbox 1601 2706 1841 2772; x_wconf 77' lang='lat' dir='ltr'>tertius</span> <span class='ocrx_word' id='word_1_167' title='bbox 1884 2707 2377 2796; x_wconf 86' lang='lat' dir='ltr'>Apaturiorum</span> 
     </span>
     <span class='ocr_line' id='line_1_25' title="bbox 289 2780 2381 2898; baseline 0.003 -25"><span class='ocrx_word' id='word_1_168' title='bbox 289 2808 436 2874; x_wconf 80' lang='lat' dir='ltr'>dies</span> <span class='ocrx_word' id='word_1_169' title='bbox 477 2805 788 2871; x_wconf 87' lang='lat' dir='ltr'>Cureotis</span> <span class='ocrx_word' id='word_1_170' title='bbox 832 2807 1078 2886; x_wconf 72' lang='lat' dir='ltr'>dictim,</span> <span class='ocrx_word' id='word_1_171' title='bbox 1137 2818 1202 2871; x_wconf 86' lang='lat' dir='ltr'>et</span> <span class='ocrx_word' id='word_1_172' title='bbox 1228 2810 1410 2895; x_wconf 90' lang='lat' dir='ltr'>quod</span> <span class='ocrx_word' id='word_1_173' title='bbox 1452 2808 1682 2874; x_wconf 87' lang='lat' dir='ltr'>diebus</span> <span class='ocrx_word' id='word_1_174' title='bbox 1723 2780 2199 2898; x_wconf 57' lang='lat' dir='ltr'>feliis&#39;semper</span> <span class='ocrx_word' id='word_1_175' title='bbox 2227 2809 2381 2879; x_wconf 86' lang='lat' dir='ltr'>fieri</span> 
     </span>
     <span class='ocr_line' id='line_1_26' title="bbox 234 2908 2382 3001; baseline 0.002 -26"><span class='ocrx_word' id='word_1_176' title='bbox 234 2931 239 2936; x_wconf 83' lang='lat'>·</span> <span class='ocrx_word' id='word_1_177' title='bbox 291 2910 765 2981; x_wconf 83' lang='lat' dir='ltr'>consueverat,</span> <span class='ocrx_word' id='word_1_178' title='bbox 826 2908 895 2974; x_wconf 91' lang='lat' dir='ltr'>id</span> <span class='ocrx_word' id='word_1_179' title='bbox 951 2921 1098 2974; x_wconf 85' lang='lat' dir='ltr'>tum</span> <span class='ocrx_word' id='word_1_180' title='bbox 1155 2933 1424 2997; x_wconf 89' lang='lat' dir='ltr'>quoque</span> <span class='ocrx_word' id='word_1_181' title='bbox 1484 2912 1710 2976; x_wconf 82' lang='lat' dir='ltr'>evenit</span> <span class='ocrx_word' id='word_1_182' title='bbox 1746 2914 1975 3001; x_wconf 85' lang='lat' dir='ltr'>pueris</span> <span class='ocrx_word' id='word_1_183' title='bbox 1992 2938 2019 2995; x_wconf 84' lang='lat'><em>3</em></span> <span class='ocrx_word' id='word_1_184' title='bbox 2078 2913 2382 3001; x_wconf 77' lang='lat' dir='ltr'>praemia</span> 
     </span>
     <span class='ocr_line' id='line_1_27' title="bbox 295 3006 2381 3102; baseline 0.001 -24"><span class='ocrx_word' id='word_1_185' title='bbox 295 3006 489 3078; x_wconf 57' lang='lat' dir='ltr'>enim&#39;</span> <span class='ocrx_word' id='word_1_186' title='bbox 512 3012 706 3077; x_wconf 81' lang='lat' dir='ltr'>nobis</span> <span class='ocrx_word' id='word_1_187' title='bbox 738 3024 959 3100; x_wconf 83' lang='lat' dir='ltr'>patres</span> <span class='ocrx_word' id='word_1_188' title='bbox 988 3016 1490 3102; x_wconf 81' lang='lat' dir='ltr'>proposuerunt</span> <span class='ocrx_word' id='word_1_189' title='bbox 1519 3018 1899 3080; x_wconf 77' lang='lat' dir='ltr'>carminum</span> <span class='ocrx_word' id='word_1_190' title='bbox 1943 3017 2381 3082; x_wconf 76' lang='lat' dir='ltr'>recitationis.</span> 
     </span>
     <span class='ocr_line' id='line_1_28' title="bbox 296 3116 2383 3203; baseline 0 -20"><span class='ocrx_word' id='word_1_191' title='bbox 296 3117 673 3183; x_wconf 77' lang='lat' dir='ltr'>mullorum</span> <span class='ocrx_word' id='word_1_192' title='bbox 719 3116 928 3201; x_wconf 88' lang='lat' dir='ltr'>igitur</span> <span class='ocrx_word' id='word_1_193' title='bbox 957 3117 1304 3202; x_wconf 83' lang='lat' dir='ltr'>multaque</span> <span class='ocrx_word' id='word_1_194' title='bbox 1348 3117 1803 3183; x_wconf 83' lang='lat' dir='ltr'>recitabantur</span> <span class='ocrx_word' id='word_1_195' title='bbox 1843 3120 2194 3203; x_wconf 63' lang='lat' dir='ltr'>poetarum</span> <span class='ocrx_word' id='word_1_196' title='bbox 2228 3141 2383 3183; x_wconf 85' lang='lat' dir='ltr'>car-</span> 
     </span>
     <span class='ocr_line' id='line_1_29' title="bbox 297 3206 2476 3308; baseline 0 -23"><span class='ocrx_word' id='word_1_197' title='bbox 297 3219 541 3297; x_wconf 87' lang='lat' dir='ltr'>mina,</span> <span class='ocrx_word' id='word_1_198' title='bbox 610 3216 879 3283; x_wconf 83' lang='lat' dir='ltr'>Solonis</span> <span class='ocrx_word' id='word_1_199' title='bbox 943 3230 1172 3283; x_wconf 79' lang='lat' dir='ltr'>aulem</span> <span class='ocrx_word' id='word_1_200' title='bbox 1219 3220 1451 3283; x_wconf 79' lang='lat' dir='ltr'>versus</span> <span class='ocrx_word' id='word_1_201' title='bbox 1516 3220 1764 3308; x_wconf 87' lang='lat' dir='ltr'>quippe</span> <span class='ocrx_word' id='word_1_202' title='bbox 1824 3245 2040 3285; x_wconf 85' lang='lat' dir='ltr'>novos</span> <span class='ocrx_word' id='word_1_203' title='bbox 2089 3222 2157 3286; x_wconf 87' lang='lat' dir='ltr'>id</span> <span class='ocrx_word' id='word_1_204' title='bbox 2202 3233 2385 3308; x_wconf 84' lang='lat' dir='ltr'>tem·-</span> <span class='ocrx_word' id='word_1_205' title='bbox 2454 3206 2476 3239; x_wconf 53' lang='lat'><em>³</em></span> 
     </span>
     <span class='ocr_line' id='line_1_30' title="bbox 300 3319 2385 3411; baseline -0 -26"><span class='ocrx_word' id='word_1_206' title='bbox 300 3322 485 3411; x_wconf 83' lang='lat' dir='ltr'>poris</span> <span class='ocrx_word' id='word_1_207' title='bbox 551 3319 753 3384; x_wconf 86' lang='lat' dir='ltr'>multi</span> <span class='ocrx_word' id='word_1_208' title='bbox 813 3339 1184 3407; x_wconf 82' lang='lat' dir='ltr'>puerorum</span> <span class='ocrx_word' id='word_1_209' title='bbox 1234 3321 1672 3390; x_wconf 79' lang='lat' dir='ltr'>cantavimus,</span> <span class='ocrx_word' id='word_1_210' title='bbox 1749 3323 1928 3390; x_wconf 86' lang='lat' dir='ltr'>dixit</span> <span class='ocrx_word' id='word_1_211' title='bbox 1986 3324 2191 3406; x_wconf 84' lang='lat' dir='ltr'>igitur</span> <span class='ocrx_word' id='word_1_212' title='bbox 2250 3320 2385 3385; x_wconf 81' lang='lat' dir='ltr'>ali-</span> 
     </span>
     <span class='ocr_line' id='line_1_31' title="bbox 303 3422 2384 3510; baseline -0.001 -22"><span class='ocrx_word' id='word_1_213' title='bbox 303 3423 455 3510; x_wconf 84' lang='lat' dir='ltr'>quis</span> <span class='ocrx_word' id='word_1_214' title='bbox 493 3422 882 3502; x_wconf 83' lang='lat' dir='ltr'>tribulium,</span> <span class='ocrx_word' id='word_1_215' title='bbox 929 3425 1065 3487; x_wconf 81' lang='lat' dir='ltr'>five</span> <span class='ocrx_word' id='word_1_216' title='bbox 1095 3423 1189 3488; x_wconf 84' lang='lat' dir='ltr'>ita</span> <span class='ocrx_word' id='word_1_217' title='bbox 1235 3422 1296 3486; x_wconf 88' lang='lat' dir='ltr'>ei</span> <span class='ocrx_word' id='word_1_218' title='bbox 1337 3434 1484 3487; x_wconf 85' lang='lat' dir='ltr'>tum</span> <span class='ocrx_word' id='word_1_219' title='bbox 1535 3424 1896 3493; x_wconf 86' lang='lat' dir='ltr'>videbatur</span> <span class='ocrx_word' id='word_1_220' title='bbox 1932 3428 2065 3489; x_wconf 85' lang='lat' dir='ltr'>five</span> <span class='ocrx_word' id='word_1_221' title='bbox 2110 3432 2384 3506; x_wconf 86' lang='lat' dir='ltr'>gratum</span> 
     </span>
     <span class='ocr_line' id='line_1_32' title="bbox 303 3521 2387 3615; baseline -0.003 -23"><span class='ocrx_word' id='word_1_222' title='bbox 303 3526 533 3592; x_wconf 80' lang='lat' dir='ltr'>facere</span> <span class='ocrx_word' id='word_1_223' title='bbox 571 3523 835 3588; x_wconf 85' lang='lat' dir='ltr'>volebat</span> <span class='ocrx_word' id='word_1_224' title='bbox 865 3525 1154 3606; x_wconf 79' lang='lat' dir='ltr'>Critiae,</span> <span class='ocrx_word' id='word_1_225' title='bbox 1202 3525 1310 3590; x_wconf 82' lang='lat' dir='ltr'>fibi</span> <span class='ocrx_word' id='word_1_226' title='bbox 1344 3526 1561 3593; x_wconf 82' lang='lat' dir='ltr'>videri</span> <span class='ocrx_word' id='word_1_227' title='bbox 1608 3552 1817 3615; x_wconf 82' lang='lat' dir='ltr'>quum</span> <span class='ocrx_word' id='word_1_228' title='bbox 1866 3528 1950 3591; x_wconf 84' lang='lat' dir='ltr'>ad</span> <span class='ocrx_word' id='word_1_229' title='bbox 1997 3524 2250 3605; x_wconf 82' lang='lat' dir='ltr'>reliqua</span> <span class='ocrx_word' id='word_1_230' title='bbox 2278 3521 2387 3585; x_wconf 87' lang='lat' dir='ltr'>sa-</span> 
     </span>
     <span class='ocr_line' id='line_1_33' title="bbox 312 3621 2386 3716; baseline -0.002 -24"><span class='ocrx_word' id='word_1_231' title='bbox 312 3626 791 3716; x_wconf 83' lang='lat' dir='ltr'>pientissimum</span> <span class='ocrx_word' id='word_1_232' title='bbox 819 3628 1113 3692; x_wconf 75' lang='lat' dir='ltr'>exstitisse</span> <span class='ocrx_word' id='word_1_233' title='bbox 1128 3626 1467 3702; x_wconf 89' lang='lat' dir='ltr'>Solonem,</span> <span class='ocrx_word' id='word_1_234' title='bbox 1488 3641 1634 3695; x_wconf 85' lang='lat' dir='ltr'>tum</span> <span class='ocrx_word' id='word_1_235' title='bbox 1657 3631 1859 3694; x_wconf 88' lang='lat' dir='ltr'>etiam</span> <span class='ocrx_word' id='word_1_236' title='bbox 1877 3629 1947 3693; x_wconf 91' lang='lat' dir='ltr'>in</span> <span class='ocrx_word' id='word_1_237' title='bbox 1964 3624 2138 3713; x_wconf 66' lang='lat' dir='ltr'>poiifi</span> <span class='ocrx_word' id='word_1_238' title='bbox 2158 3621 2386 3709; x_wconf 53' lang='lat' dir='ltr'>poeita-</span> 
     </span>
     <span class='ocr_line' id='line_1_34' title="bbox 307 3725 2390 3815; baseline -0.003 -18"><span class='ocrx_word' id='word_1_239' title='bbox 307 3728 787 3797; x_wconf 82' lang='lat' dir='ltr'>rumomnium</span> <span class='ocrx_word' id='word_1_240' title='bbox 821 3730 1394 3815; x_wconf 79' lang='lat' dir='ltr'>generofiffimum.</span> <span class='ocrx_word' id='word_1_241' title='bbox 1432 3744 1574 3796; x_wconf 80' lang='lat' dir='ltr'>tum</span> <span class='ocrx_word' id='word_1_242' title='bbox 1609 3734 1810 3796; x_wconf 86' lang='lat' dir='ltr'>senex</span> <span class='ocrx_word' id='word_1_243' title='bbox 1827 3730 2020 3807; x_wconf 84' lang='lat' dir='ltr'>(bene</span> <span class='ocrx_word' id='word_1_244' title='bbox 2037 3725 2218 3790; x_wconf 90' lang='lat' dir='ltr'>enim</span> <span class='ocrx_word' id='word_1_245' title='bbox 2250 3747 2390 3791; x_wconf 89' lang='lat' dir='ltr'>me·</span> 
     </span>
     <span class='ocr_line' id='line_1_35' title="bbox 309 3815 2394 3919; baseline -0.001 -22"><span class='ocrx_word' id='word_1_246' title='bbox 309 3831 510 3917; x_wconf 86' lang='lat' dir='ltr'>mini)</span> <span class='ocrx_word' id='word_1_247' title='bbox 537 3815 743 3896; x_wconf 78' lang='lat' dir='ltr'>valde‘</span> <span class='ocrx_word' id='word_1_248' title='bbox 762 3832 1037 3896; x_wconf 83' lang='lat' dir='ltr'>laetatus</span> <span class='ocrx_word' id='word_1_249' title='bbox 1064 3834 1151 3896; x_wconf 87' lang='lat' dir='ltr'>est</span> <span class='ocrx_word' id='word_1_250' title='bbox 1179 3832 1779 3919; x_wconf 75' lang='lat' dir='ltr'>ridensquelmmo</span> <span class='ocrx_word' id='word_1_251' title='bbox 1805 3833 1872 3905; x_wconf 86' lang='lat' dir='ltr'>fi,</span> <span class='ocrx_word' id='word_1_252' title='bbox 1903 3827 2141 3912; x_wconf 85' lang='lat' dir='ltr'>inquit,</span> <span class='ocrx_word' id='word_1_253' title='bbox 2174 3830 2394 3918; x_wconf 87' lang='lat' dir='ltr'>Amy-</span> 
     </span>
     <span class='ocr_line' id='line_1_36' title="bbox 311 3931 2394 4022; baseline -0 -23"><span class='ocrx_word' id='word_1_254' title='bbox 311 3935 572 3999; x_wconf 86' lang='lat' dir='ltr'>nandre</span> <span class='ocrx_word' id='word_1_255' title='bbox 601 3985 619 4014; x_wconf 89' lang='lat'>,</span> <span class='ocrx_word' id='word_1_256' title='bbox 676 3957 812 3999; x_wconf 88' lang='lat' dir='ltr'>non</span> <span class='ocrx_word' id='word_1_257' title='bbox 862 3935 1197 4000; x_wconf 75' lang='lat' dir='ltr'>subsicivis</span> <span class='ocrx_word' id='word_1_258' title='bbox 1251 3935 1471 4020; x_wconf 84' lang='lat' dir='ltr'>operis</span> <span class='ocrx_word' id='word_1_259' title='bbox 1520 3934 1589 3998; x_wconf 89' lang='lat' dir='ltr'>in</span> <span class='ocrx_word' id='word_1_260' title='bbox 1636 3933 1813 4022; x_wconf 70' lang='lat' dir='ltr'>poesi</span> <span class='ocrx_word' id='word_1_261' title='bbox 1864 3931 1932 3997; x_wconf 85' lang='lat' dir='ltr'>se</span> <span class='ocrx_word' id='word_1_262' title='bbox 1982 3935 2394 4013; x_wconf 84' lang='lat' dir='ltr'>exercuisset,</span> 
     </span>
     <span class='ocr_line' id='line_1_37' title="bbox 310 4033 2397 4121; baseline -0.002 -21"><span class='ocrx_word' id='word_1_263' title='bbox 310 4037 424 4100; x_wconf 88' lang='lat' dir='ltr'>sed</span> <span class='ocrx_word' id='word_1_264' title='bbox 474 4036 712 4104; x_wconf 80' lang='lat' dir='ltr'>serium</span> <span class='ocrx_word' id='word_1_265' title='bbox 770 4036 1053 4103; x_wconf 83' lang='lat' dir='ltr'>ad&#39;eam</span> <span class='ocrx_word' id='word_1_266' title='bbox 1114 4035 1398 4101; x_wconf 77' lang='lat' dir='ltr'>studium</span> <span class='ocrx_word' id='word_1_267' title='bbox 1446 4033 1852 4118; x_wconf 80' lang='lat' dir='ltr'>contulisset,</span> <span class='ocrx_word' id='word_1_268' title='bbox 1907 4037 2066 4101; x_wconf 87' lang='lat' dir='ltr'>ficut</span> <span class='ocrx_word' id='word_1_269' title='bbox 2133 4036 2284 4121; x_wconf 77' lang='lat' dir='ltr'>alii,</span> <span class='ocrx_word' id='word_1_270' title='bbox 2326 4042 2397 4096; x_wconf 82' lang='lat' dir='ltr'>et</span> 
     </span>
     <span class='ocr_line' id='line_1_38' title="bbox 313 4132 2414 4227; baseline -0.004 -22"><span class='ocrx_word' id='word_1_271' title='bbox 313 4138 651 4206; x_wconf 85' lang='lat' dir='ltr'>historiam</span> <span class='ocrx_word' id='word_1_272' title='bbox 726 4161 929 4227; x_wconf 89' lang='lat' dir='ltr'>quam</span> <span class='ocrx_word' id='word_1_273' title='bbox 975 4133 1057 4208; x_wconf 81' lang='lat' dir='ltr'>ex</span> <span class='ocrx_word' id='word_1_274' title='bbox 1104 4140 1405 4225; x_wconf 78' lang='lat' dir='ltr'>Aegypto</span> <span class='ocrx_word' id='word_1_275' title='bbox 1461 4136 1596 4206; x_wconf 87' lang='lat' dir='ltr'>huc</span> <span class='ocrx_word' id='word_1_276' title='bbox 1654 4132 1974 4207; x_wconf 84' lang='lat' dir='ltr'>attulerat</span> <span class='ocrx_word' id='word_1_277' title='bbox 2032 4134 2414 4203; x_wconf 76' lang='lat' dir='ltr'>absolviffet‘</span> 
     </span>
    </p>
   </div>
  </div>
 </body>
</html>
