2738 4600
1037 434 1046 448 Ι
1091 337 1592 448 ΤΙΜΙΑΕΠΒ.
2265 343 2387 413 185

309 515 559 592 saetam
587 520 760 580 'vero
785 519 1074 597 aquam.
1103 521 1363 578 terram
1405 534 1610 600 porro
1639 522 1715 575 et
1746 510 1967 579 aeirem
1988 557 2009 593 ‚
2053 502 2388 601 quantum

319 621 564 687 horum
593 617 946 683 simulacra
987 613 1285 701 recipiat.
1330 614 1636 679 oratione
1666 636 1833 678 vero
1859 616 2077 701 potius
2120 618 2247 685 hoc
2277 620 2389 685 di-

313 703 546 806 stingui
580 720 800 804 deque
826 718 954 784 illis
979 716 1247 802 anquiri
1277 728 1575 805 oportet:
1603 733 1770 782 num
1800 717 1878 780 fit
1904 716 2067 803 ignis
2096 720 2236 809 ipse
2265 744 2390 810 per

311 826 379 888 se
408 822 777 907 omniaque
807 821 883 887 in
924 821 1169 907 quibus
1211 818 1473 907 semper
1508 820 1907 907 usurpamus
1951 818 2111 901 hoc,
2155 819 2281 912 per
2320 826 2390 888 se

308 926 454 1014 ipsa
482 945 786 1010 quaeque
811 927 971 1002 effe,
1018 946 1106 987 an
1134 943 1211 985 ea
1236 943 1407 1007 quae
1438 921 1777 986 cernimus
1817 932 1886 986 et
1928 941 2391 1011 quaecumque

315 1026 450 1092 alia
496 1025 785 1114 corporis
824 1026 1111 1090 senfibus
1161 1022 1604 1111 percipimus,
1649 1024 1783 1089 sola
1831 1025 1954 1090 fint
2008 1023 2395 1091 huiusmodi

319 1127 671 1194 veritatem
703 1125 1049 1206 habentia,
1095 1127 1221 1191 alia
1248 1147 1417 1190 vero
1447 1126 1636 1190 nullo
1676 1126 1882 1191 modo
1915 1128 2164 1191 exstent
2199 1150 2393 1216 prae·

319 1242 426 1296 ter
441 1211 632 1305 baec,
653 1231 764 1294 sed
796 1227 1045 1294 frustra
1075 1231 1333 1315 semper
1358 1228 1666 1296 dicamus
1683 1233 1807 1295 effe
1831 1223 2128 1315 aliquam
2164 1230 2398 1296 cuius-

318 1356 450 1420 que
507 1332 798 1421 speciem
838 1331 961 1395 sub
1025 1329 1533 1415 intelligentiam
1578 1330 1971 1411 cadentem,
2031 1354 2246 1418 quum
2285 1332 2398 1397 ni-

315 1436 415 1502 hil
450 1436 632 1502 aliud
677 1435 846 1499 haec
888 1435 965 1497 fit
1019 1431 1132 1497 nifi
1165 1433 1400 1498 oratio.
1442 1453 1661 1518 neque
1700 1431 1907 1518 igitur
1949 1455 2094 1522 rem
2140 1435 2211 1501 in
2264 1456 2399 1522 qua

261 1589 272 1600 .
317 1560 500 1604 nunc
516 1539 868 1604 versamur
896 1537 1029 1599 fine
1046 1533 1291 1599 iudicio
1312 1545 1379 1598 et
1407 1532 1880 1623 disceptatione
1912 1523 2400 1604 nosdimitten-

317 1652 417 1705 tes
447 1662 573 1727 par
608 1639 697 1701 est
719 1659 845 1724 pro
877 1648 1058 1702 certo
1087 1636 1549 1712 affirmarejta
1575 1641 1642 1702 se
1671 1636 1919 1703 habere
1937 1685 1956 1718 ‚
1999 1661 2220 1724 neque
2252 1625 2399 1706 orass

319 1741 525 1807 tionis
552 1738 975 1825 longitudine
997 1738 1122 1804 alia
1151 1737 1234 1802 ad
1268 1737 1643 1804 institutum
1693 1739 1859 1805 nihil
1897 1738 2241 1827 pertinens
2277 1740 2404 1803 ad·-

320 1844 646 1922 iicienda3
681 1841 909 1926 quodfi
941 1863 1098 1905 vero
1122 1839 1482 1927 descriptio
1508 1860 1751 1923 magna
1783 1843 2013 1927 paucis
2034 1838 2264 1905 verbis
2291 1863 2404 1905 re·-

321 1945 626 2034 perietur
669 1943 1041 2028 explicata,
1086 1942 1213 2007 hoc
1247 1943 1550 2006 maxime
1589 1941 2056 2030 tempestivum
2100 1928 2248 2010 erit.
2311 1943 2406 2009 ita

325 2047 528 2133 igitur
568 2068 796 2110 meam
843 2045 1155 2132 equidem
1195 2044 1587 2109 sententiam
1634 2042 1812 2127 fero,
1859 2048 1905 2110 fi
1936 2069 2125 2111 mens
2156 2059 2222 2113 et
2247 2048 2405 2135 opi-

326 2149 446 2215 nio
477 2171 638 2214 vera
666 2148 801 2213 duo
837 2149 955 2212 fint
980 2169 1260 2233 genera,
1285 2148 1554 2234 prorsus
1583 2168 1661 2211 ea
1693 2151 1819 2212 effe
1850 2172 1977 2238 per
2005 2152 2108 2233 se,
2152 2161 2218 2216 et
2251 2152 2405 2238 spe-

329 2253 459 2320 cies
487 2251 755 2338 quidem
783 2249 1064 2315 senfibus
1097 2272 1136 2315 a
1179 2248 1369 2314 nobis
1402 2270 1539 2314 non
1580 2249 2071 2339 percipiendae,
2115 2252 2221 2318 sed
2267 2241 2404 2321 sola.

325 2356 622 2435 ratione,
666 2356 758 2418 fin
803 2365 1064 2431 autem,
1114 2362 1193 2415 ut
1231 2350 1570 2415 nonnullis
1620 2352 1928 2433 videtur,
1973 2354 2204 2441 opinio
2243 2377 2408 2421 vera

329 2482 370 2524 a
398 2471 618 2523 mente
638 2455 807 2521 nihil
838 2454 1121 2532 differat,
1139 2453 1368 2517 omnia
1397 2474 1570 2535 quae
1603 2454 1907 2539 corporis
1936 2456 2220 2522 sensibus
2245 2479 2409 2544 per-

332 2559 692 2650 cipiamus,
735 2558 1050 2645 ponenda
1093 2559 1218 2619 esse
1262 2554 1640 2618 certissima.
1700 2554 1840 2620 duo
1883 2556 2092 2644 igitur
2131 2558 2408 2626 dicenda

333 2666 486 2728 sunt
543 2661 651 2723 illa
678 2707 697 2741 ,
754 2668 1110 2753 propterea
1165 2653 1343 2741 quod
1390 2656 1690 2740 separata
1735 2656 1886 2731 sunt
1946 2671 2014 2725 et
2076 2660 2410 2729 disfimili-

333 2761 646 2830 tudinem
710 2759 887 2824 inter
952 2760 1020 2821 se
1070 2756 1340 2846 habent.
1464 2756 1753 2822 alterum
1828 2761 2010 2829 enim
2085 2764 2407 2847 doctrina,

336 2869 621 2943 alterum
710 2862 1125 2949 persuasione
1173 2859 1268 2924 'in
1337 2857 1530 2925 nobis
1609 2863 1835 2929 extistit
1865 2914 1885 2948 ‚
1989 2864 2158 2932 illud
2226 2869 2409 2934 sem-

332 2991 460 3057 per
520 2988 673 3032 cum
732 2986 900 3028 vera
950 2961 1376 3029 coniunctum
1425 2962 1716 3046 ratione,
1780 2967 1911 3033 hoc
1950 2968 2229 3034 rationis
2279 2989 2412 3035 ex-

336 3094 529 3159 pers,
598 3066 768 3134 illud
833 3066 1249 3156 persuasione
1305 3065 1513 3138 flecti.
1545 3066 1813 3153 nequit,
1912 3069 2043 3135 hoc
2083 3070 2165 3136 ad
2208 3070 2411 3135 aliam

336 3171 598 3238 traduci
626 3172 830 3258 potest
855 3171 1361 3258 persuasionem,
1394 3168 1666 3235 alterius
1700 3171 2067 3255 quemlibet
2093 3176 2218 3238 effe
2245 3194 2413 3259 par-

336 3273 607 3361 ticipem
641 3272 861 3338 dicere
890 3271 1246 3354 debemus,
1287 3270 1570 3337 rationis
1616 3293 1781 3336 vero
1819 3273 2010 3353 deos,
2054 3273 2412 3338 hominum

239 3428 248 3435 .
340 3386 795 3461 autem‘genus
817 3375 1282 3463 perexiguum.
1330 3394 1504 3459 quae
1525 3394 1733 3459 quum
1771 3375 1865 3442 ita
1890 3379 2044 3450 sint,
2078 3372 2415 3438 confiten-

342 3476 508 3540 dum
542 3498 746 3541 unam
776 3479 900 3542 ess'e
934 3478 1212 3566 speciem
1244 3477 1481 3542 eodem
1522 3476 1589 3541 se
1618 3478 1820 3544 modo
1851 3479 2250 3557 habentem,
2292 3496 2415 3539 or·-

291 3658 296 3665 ,
341 3592 451 3644 tus
486 3589 553 3641 et
577 3577 885 3645 interitus
913 3592 1297 3669 expertem,
1329 3601 1554 3666 neque
1580 3577 1652 3644 in
1678 3582 1745 3643 se
1771 3576 2200 3666 recipientem
2230 3577 2417 3642 aliud

341 3681 621 3748 aliunde
657 3703 892 3775 neque·
920 3682 1131 3772 ipsam
1176 3682 1251 3748 in
1294 3682 1477 3747 aliud
1516 3691 2013 3754 transeuntem,
2062 3679 2416 3746 oculorum

343 3784 656 3852 obtutum
689 3785 1110 3873 reliquosque
1135 3785 1367 3849 sensus·
1389 3781 1823 3875 effugientem
1839 3829 1859 3863 ‚
1882 3782 2057 3847 hanc
2087 3780 2279 3848 cuius
2303 3778 2424 3850 in4

341 3887 681 3975 vestigatio
721 3886 956 3974 obtigit
1008 3885 1527 3971 intelligentiae3
1588 3878 1980 3969 cognomine
2027 3907 2191 3951 vero
2235 3888 2421 3956 fimi-

339 3990 536 4076 leque
576 3990 678 4055 illi
726 3988 1131 4071 secundum,
1189 3988 1454 4052 sensum
1498 4007 1806 4060 movens,
1871 3998 2095 4054 ortum
2141 3989 2418 4077 habens.

301 4079 308 4085 ’
342 4093 606 4182 semper
632 4092 957 4181 agitatum
977 4141 999 4176 ‚
1039 4092 1311 4159 nascens
1341 4088 1424 4187 in·
1442 4090 1590 4158 loco
1616 4089 1847 4186 aliquo
1877 4093 2238 4181 rursusque
2261 4081 2420 4159 inde
2449 4140 2454 4145 .
