2738 4600
1011 349 1454 423 POLITIA
1509 348 1645 421 IX.
2304 350 2390 425 45

295 520 469 596 vero
500 537 568 591 et
600 519 915 590 mollities
947 522 1179 591 n'onne
1212 525 1289 591 in
1324 526 1621 592 eiusdem
1665 518 1869 593 huius
1909 524 2290 592 'remissione
2321 537 2394 592 et

296 631 707 699 resolutione
755 628 1225 717 vituperatur,
1308 629 1581 713 quando
1633 629 1969 713 ignaviam
2019 630 2083 695 ei
2131 628 2393 695 iniicit?

296 732 607 823 Quidni?
650 734 871 818 Atque
905 731 1207 796 adulatio
1240 744 1307 796 et
1342 731 1757 797 illiberalitas
1785 752 2050 812 nonne,
2108 732 2392 818 quando

289 836 438 924 quis
479 836 661 901 hanc
705 835 919 924 ipsam
966 833 1368 900 iracundam
1410 833 1619 903 animi
1665 844 1932 923 partem
1968 836 2397 901 turbulentae

290 937 538 1005 bestiae
574 937 863 1025 imperio
907 936 1213 1016 subiicit,
1274 949 1342 1003 et
1389 948 1676 1027 propter
1708 939 2047 1023 quaestum
2078 939 2394 1023 illiusque

292 1041 737 1129 inexplebiles
781 1039 1182 1129 cupiditates
1217 1043 1622 1108 contumelia
1667 1053 1978 1108 vexatam
2025 1065 2066 1106 a
2100 1041 2395 1130 pueritia

293 1144 393 1211 ita
422 1143 772 1210 assuefacit
800 1156 875 1209 ut
907 1166 945 1208 e
976 1144 1171 1210 leone
1204 1144 1390 1211 fimia
1434 1144 1725 1233 evadat?
1784 1143 2176 1212 Admodum
2196 1192 2218 1219 ‚
2278 1144 2397 1209 in«-

286 1250 463 1333 quit.
566 1246 858 1314 Artium*
886 1269 1049 1311 vero
1102 1244 1532 1313 illiberalium
1575 1261 1644 1313 et
1683 1270 1918 1314 earum
1966 1269 2142 1336 quae
2183 1268 2399 1314 manu

290 1350 694 1418 factitantur
723 1348 1272 1415 exercitationem
1322 1373 1446 1416 cur
1483 1363 1676 1439 putas
1721 1350 2051 1442 probrum
2095 1348 2397 1416 inferre?

292 1476 468 1520 num
504 1446 712 1518 aliam
748 1451 832 1516 ob
865 1452 1127 1518 causam
1159 1451 1495 1535 dicemus,
1557 1457 1676 1520 nifi
1707 1454 1791 1520 ob
1825 1454 2002 1520 hanc
2036 1452 2213 1538 quod
2259 1452 2396 1517 ina-‘-

291 1556 605 1623 becillam
648 1554 894 1620 natur&⁴
936 1553 1140 1621 habet
1182 1557 1428 1644 optimi
1474 1557 1783 1647 speciem,
1829 1556 1921 1622 ita
1967 1567 2048 1620 ut
2103 1565 2398 1643 nequeat

215 1674 222 1691 ·
291 1660 644 1747 imperare
678 1657 774 1722 eis
809 1679 982 1744 quae
1015 1658 1086 1722 in
1113 1658 1252 1746 ipso
1280 1661 1509 1725 insunt
1536 1660 2031 1735 animantibus,
2074 1660 2186 1721 sed
2224 1662 2400 1724 colat:

291 1761 415 1830 illa
449 1771 515 1825 et
550 1761 982 1825 adulationes
1024 1771 1295 1826 tantum
1335 1785 1577 1826 eorum
1605 1761 1858 1826 discat?
1915 1757 2237 1838 Videtur,
2290 1761 2401 1822 in-

293 1865 462 1951 quit.
550 1864 794 1929 Nonne
822 1861 1071 1947 igitur,
1115 1872 1191 1924 ut
1229 1862 1382 1924 talis
1411 1861 1676 1926 a‘fimili
1704 1871 1975 1946 regatur
2013 1860 2152 1923 eius
2195 1883 2232 1923 a
2266 1881 2401 1943 quo

295 1968 595 2055 optimus
622 1966 902 2047 regitur,
931 1964 1206 2027 servum
1241 1983 1403 2026 eum
1433 1961 1720 2026 dicimus
1755 1973 2071 2047 oportere
2089 1967 2226 2028 effe
2253 1962 2401 2029 eius

234 2109 241 2115 ·
299 2069 426 2154 qui
468 2065 771 2152 optimus
816 2065 905 2130 est
950 2064 1286 2149 habetque
1324 2063 1397 2127 in
1448 2064 1518 2127 se
1557 2063 1868 2128 divinum
1916 2086 2191 2151 regens,
2258 2088 2400 2132 non

298 2166 481 2235 servi
508 2166 936 2231 incommodo
959 2169 1297 2232 censentes
1329 2186 1484 2231 eum
1517 2166 1662 2255 regi
1689 2178 2025 2255 oporte-re,
2059 2180 2135 2234 ut
2166 2168 2400 2236 Thra-

208 2349 217 2354 ,
296 2270 661 2387 symachus
693 2268 1181 2336 existimaverat
1212 2291 1323 2334 eos
1360 2270 1471 2355 qui
1516 2281 1918 2358 regerentur
1952 2271 2396 2340 incommodo

296 2379 420 2443 suo
452 2374 624 2459 regi,
670 2371 780 2436 sed
817 2370 1059 2437 melius
1080 2371 1187 2459 agi
1215 2395 1374 2437 cum
1403 2395 1673 2460 quoque
1704 2376 1751 2438 fi
1787 2398 1827 2438 a
1858 2374 2089 2439 divino
2124 2387 2190 2440 et
2225 2398 2399 2463 pru·
2432 2377 2436 2394 '

297 2478 502 2543 dente
533 2489 826 2563 regatur,
852 2474 1156 2539 maxime
1188 2476 1459 2562 quidem
1480 2477 1524 2540 fi
1551 2474 1907 2589 proprium
1935 2475 2117 2539 hoc
2094 2499 2167 2540 m
2193 2476 2404 2541 semet

274 2582 444 2669 ¹ipso
469 2578 750 2652 habeat,
803 2578 894 2641 fin
931 2576 1190 2656 minus,
1234 2580 1280 2641 fi
1307 2591 1622 2642 externus
1652 2575 1713 2640 ei
1745 2577 1820 2641 fit
1853 2554 2266 2665 praefectus,
2321 2589 2403 2644 ut

303 2682 530 2770 quoad
581 2678 729 2744 lieri
773 2679 959 2765 possit
1009 2701 1243 2743 omnes
1284 2679 1523 2744 firniles
1574 2680 1770 2744 fimus
1813 2691 2017 2766 atque
2070 2681 2268 2747 amici
2312 2682 2400 2746 ab

299 2786 542 2850 eodem
585 2780 989 2868 gubernati?
1046 2781 1137 2846 Et
1165 2794 1348 2849 recte
1380 2782 1692 2867 quidem,
1752 2782 1994 2867 inquit.
2080 2783 2402 2849 Declarat

300 2909 499 2966 vero,
544 2884 842 2970 inquam,
889 2884 1093 2950 etiam
1125 2885 1231 2950 lex
1263 2884 1394 2949 hoc
1425 2882 1540 2948 fibi
1569 2885 1984 2971 propofitum
2017 2890 2179 2967 effe,
2226 2906 2404 2971 quae

304 2989 577 3078 quidem
618 2988 934 3053 omnibus
974 2987 1046 3051 in
1085 2987 1360 3053 civitate
1409 2984 1827 3052 versantibus
1871 2987 2273 3065 auxiliatur,
2334 2996 2403 3051 et

303 3093 671 3181 imperium
714 3090 787 3153 in
831 3109 1122 3176 pueros,
1164 3087 1499 3174 *liquidem
1525 3112 1636 3154 eos
1677 3111 1813 3152 non
1843 3089 2116 3156 finimus
2141 3089 2401 3154 liberos

306 3199 467 3272 effe,
516 3193 685 3257 dum
723 3190 796 3256 in
831 3192 926 3257 eis
960 3193 1121 3258 ficut
1150 3192 1224 3258 in
1250 3190 1528 3258 civitate
1566 3192 2124 3277 gubernationem
2156 3185 2403 3255 consti·-

302 3295 671 3367 tuerimuS,
721 3305 827 3375 et,
872 3317 1083 3382 quum
1122 3293 1458 3382 optimum
1498 3281 2018 3375 audiverimus,
2062 3289 2403 3357 custodem

289 3391 382 3461 'et
401 3409 738 3462 rectorem
767 3396 897 3462 illis
925 3397 1356 3463 statuerimus
1403 3394 1463 3459 ei
1508 3396 1621 3483 qui
1667 3398 1859 3464 nobis
1883 3401 1981 3464 est
2022 3393 2302 3457 fimilem
2334 3400 2404 3455 et

308 3520 398 3565 ex
428 3500 637 3563 altera
663 3511 856 3589 parte
880 3500 1437 3589 respondentem·
1420 3543 1442 3575 ‚
1500 3510 1647 3565 tum
1683 3500 1968 3582 denique
2002 3515 2115 3557 eos
2154 3490 2402 3558 liberos

305 3597 734 3669 dimittimus.
822 3603 1140 3668 Declarat
1184 3624 1385 3683 vero‚·
1449 3598 1685 3686 inquit.
1793 3602 2149 3687 Quatenus
2197 3594 2403 3680 igitur

204 3749 211 3754 -
306 3704 647 3777 dicemus,
717 3704 1013 3779 GlaucO.
1071 3716 1155 3771 et
1182 3726 1475 3791 quanam
1513 3726 1598 3767 ex
1637 3699 1898 3765 ratione
1940 3698 2308 3781 expedire
2290 3721 2403 3765 m-

303 3807 470 3873 iuste
501 3806 723 3872 facere
751 3810 864 3875 vel
897 3809 1460 3895 intemperantiae
1484 3807 1554 3868 se
1583 3802 1829 3869 dedere
1870 3803 1980 3865 vel
2015 3812 2210 3892 turpe
2236 3803 2405 3890 quid

305 3911 766 3991 committere,
810 3912 994 3977 unde
1026 3913 1301 3997 pravior
1332 3908 1606 3992 quidem
1643 3902 1950 3983 futurus,
2013 3907 2241 3992 plures
2270 3927 2402 3971 au·-

306 4025 450 4079 tem
480 4036 641 4102 opes
677 4016 782 4081 vel
815 4016 1014 4081 aliam
1051 4035 1255 4099 quam
1289 4010 1682 4099 potestatem
1710 4006 1786 4070 fit
1814 4008 2343 4094 consequuturus
2364 4004 2402 4065 ’ἶ

305 4117 507 4187 Nullo
548 4119 755 4186 modo
767 4167 793 4201 ,
822 4115 1094 4204 ‘inquit.
1184 4113 1543 4203 Quatenus
1586 4129 1756 4218 vero
1799 4113 2123 4197 expedire
2164 4103 2397 4171 iniusto
