2738 4600
1038 349 1539 421 TIMAEUS.
1679 393 1690 401 -
2087 422 2094 429 ,
2214 359 2336 423 125

249 539 556 615 tempore
583 543 818 589 canam
850 522 1085 588 ullam.
1132 523 1324 588 cuius
1357 525 1633 610 quidem
1668 524 1770 590 rei
1807 526 2001 591 causa
2028 526 2195 592 haec
2225 530 2337 599 est.

247 635 448 700 multi
480 627 840 712 multisque
868 627 1085 691 modis
1114 627 1424 691 interitus
1442 626 1726 692 fuerunt
1755 628 2103 695 hominum
2128 645 2193 697 et
2218 630 2338 695 fu·-

248 737 388 802 turi
414 736 592 807 sunt,
637 731 794 816 igne
833 730 1107 814 quidem
1145 742 1214 794 et
1235 752 1412 814 aqua
1448 732 1774 810 maximi,
1819 732 2341 801 innumerabili-

246 839 372 903 bus
411 859 578 902 vero
609 832 756 899 aliis
782 832 983 898 rebus
1019 833 1132 897 alii
1160 830 1527 898 breviores.
1566 832 1814 897 etenim
1843 834 2042 899 etiam
2066 837 2128 900 id
2155 822 2339 921 quod

246 942 432 1031 apud
476 961 602 1004 vos
646 948 997 1017 narratur,
1039 936 1540 1002 Phaethontem
1580 934 1753 1000 Solis
1795 935 2016 1004 filium
2063 937 2135 1004 in
2173 963 2339 1004 cur-

245 1067 409 1112 rum
443 1039 651 1130 patris
677 1038 1051 1122 sublatum,
1098 1060 1311 1126 quum
1343 1061 1483 1113 non
1519 1038 1832 1126 potuisset
1872 1039 1941 1103 in
1985 1041 2193 1128 patris
2224 1043 2340 1108 via

247 1170 410 1212 eum
437 1145 701 1224 ducere,
719 1154 988 1207 terrena
1018 1143 1312 1207 exussisse
1335 1140 1693 1229 ipsumque
1720 1143 1859 1207 ictu
1887 1140 2192 1209 fulminis
2220 1145 2341 1223 dea

244 1248 651 1332 flagrantem
706 1245 1035 1324 interiise,
1091 1245 1220 1311 hoc
1261 1243 1529 1310 fabulae
1570 1234 1843 1330 quidem
1886 1246 2173 1334 speciem
2210 1248 2341 1313 ha-

242 1350 406 1415 bens
453 1348 789 1426 traditur,
834 1367 1078 1410 revera
1122 1359 1352 1412 autem
1398 1370 1629 1415 eorum
1682 1371 1859 1433 quae
1903 1348 2156 1416 circum
2196 1359 2342 1415 ter·-

240 1474 392 1520 ram
419 1467 486 1516 et
518 1452 591 1516 in
625 1448 812 1512 caelo
857 1445 1178 1514 feruntur
1233 1449 1631 1536 significatur
1676 1450 2027 1516 declinatio
2077 1464 2142 1515 et
2188 1442 2376 1516 lon-0·¹

237 1554 344 1642 gis
400 1567 804 1641 temporum
852 1548 1224 1617 intervallis
1270 1555 1569 1617 exsistens
1615 1576 1846 1619 rerum
1902 1564 2338 1619 terrenarum

237 1657 545 1725 multum
589 1675 716 1740 per
753 1652 974 1737 ignem
1013 1653 1373 1718 exstinctio.
1422 1666 1569 1719 tum
1600 1677 1764 1719 vero
1813 1654 2221 1742 quicumque
2261 1655 2338 1721 in.

237 1759 596 1826 montibus
627 1755 921 1840 locisque
949 1754 1135 1819 editis
1174 1769 1241 1820 et
1266 1755 1446 1820 flecis
1473 1756 1784 1820 habitant
1812 1757 2023 1838 magis
2055 1764 2341 1843 pereunt

241 1884 457 1950 quam
489 1859 540 1925 ii
568 1859 682 1945 qui
710 1858 957 1924 fluvios
990 1871 1058 1922 et
1083 1879 1275 1921 mare
1291 1858 1637 1929 accolunt;
1674 1857 1868 1926 nobie
1904 1871 2127 1921 autem
2150 1857 2339 1922 'Nilus

241 1976 317 2029 et
362 1962 642 2051 reliquis
672 1960 745 2025 in
772 1960 977 2025 rebus
997 1963 1300 2045 servator
1331 1970 1563 2023 ettum
1596 1978 1865 2044 quoque
1884 1982 1972 2025 ex
2002 1960 2131 2024 hac
2160 1958 2343 2025 diffi-

241 2067 497 2131 cultate
557 2085 680 2127 nos
741 2064 966 2127 serv‘at
1005 2062 1324 2128 liberans·
1389 2059 1658 2145 quando
1719 2081 1883 2125 vero
1933 2060 2025 2127 dii
2088 2076 2342 2128 tem-nm

243 2168 442 2253 aquis
477 2177 840 2251 purgantes
870 2166 1222 2245 inundant,
1238 2162 1307 2225 in
1334 2161 1671 2228 montibus
1698 2162 1972 2248 quidem
2007 2168 2338 2232 versantes

240 2272 607 2338 servantur
638 2269 906 2337 bubulci
938 2281 1003 2333 et
1034 2271 1356 2358 pastoreS,
1392 2263 1667 2330 urbium
1698 2279 1924 2334 autem
1958 2271 2339 2335 vestrarum

240 2371 506 2438 incolae
535 2371 616 2435 ad
646 2391 899 2436 mare-a
918 2369 1146 2437 fluviis
1175 2368 1527 2449 feruntur3
1556 2369 1627 2433 in
1644 2368 1770 2433 hac
1798 2383 2031 2437 contra
2063 2374 2341 2455 regione

242 2494 464 2558 neque
499 2484 646 2537 tum
682 2497 901 2559 neque
941 2474 1428 2559 alias-desuper
1457 2471 1531 2535 in
1575 2493 1774 2558 agros
1824 2494 1999 2560 aqua
2040 2472 2343 2537 infundi-

240 2571 400 2654 tur,
442 2575 555 2638 sed
601 2575 684 2639 ab
714 2575 851 2639 imo
892 2590 1139 2642 natura
1177 2578 1294 2641 sua
1325 2573 1628 2657 emergit.
1673 2575 1919 2641 iccirco
1962 2576 2215 2660 hasque
2251 2572 2341 2638 ob

243 2677 477 2744 causas
506 2699 615 2740 res
646 2677 754 2741 hic
779 2679 1073 2746 servatae
1104 2678 1423 2743 dicuntur
1456 2678 1937 2744 vetustiffimae.
1967 2679 2197 2763 reapse
2216 2698 2341 2741 au-

240 2792 383 2845 tem
414 2800 523 2843 res
571 2779 661 2841 fic
703 2780 768 2842 se
813 2778 1049 2845 habet:
1108 2779 1424 2844 omnibus
1453 2776 1529 2843 in
1579 2780 1737 2845 locis
1780 2781 1895 2848 ubi
1940 2804 2078 2846 non
2122 2780 2340 2844 hiems

245 2882 455 2947 nimia
488 2892 609 2945 aut
637 2882 818 2947 calor
852 2894 1040 2947 arcet
1061 2929 1079 2957 ,
1125 2882 1330 2947 modo
1362 2882 1546 2969 plue,
1590 2884 1797 2949 modo
1825 2886 2049 2950 minus
2080 2886 2340 2973 semper

246 3006 454 3071 genus
497 2985 585 3047 est
615 2982 1008 3059 hominum;
1051 3003 1512 3070 quaecumque
1548 3007 1713 3051 vero
1748 2988 1853 3052 vel
1874 2988 2055 3076 apud
2093 3010 2207 3052 vos
2234 2984 2345 3050 vel

245 3088 358 3152 hic
383 3086 496 3151 vel
525 3085 655 3152 alio
697 3086 766 3150 in
795 3087 947 3152 loco
976 3112 1062 3152 ex
1091 3088 1183 3153 e'is
1204 3109 1385 3174 -quos
1412 3087 1652 3152 auditu
1696 3091 1984 3174 cognitos
2012 3089 2340 3154 habemus

244 3189 531 3279 pulchra
561 3190 669 3254 vel
696 3212 941 3277 magna
968 3192 1072 3254 vel
1100 3190 1227 3255 alia
1253 3213 1384 3274 qua
1400 3191 1655 3256 ratione
1679 3189 1948 3279 insignia
1965 3191 2145 3257 facta
2164 3191 2344 3267 sun-t,

248 3293 480 3360 omnia
530 3292 768 3358 litteris
819 3294 1197 3379 consignata
1225 3312 1440 3376 usque
1465 3316 1505 3357 a
1536 3292 1876 3359 veteribus
1922 3291 2343 3380 temporibus

242 3394 356 3459 hic
374 3394 604 3460 suntin
627 3395 890 3482 templis
905 3407 1105 3480 atque
1124 3396 1536 3464 conservata.
1557 3419 1665 3461 res
1687 3410 1912 3462 autem
1936 3395 2116 3484 apud
2142 3414 2258 3457 vos
2275 3401 2345 3454 et

244 3496 550 3582 reliquos
580 3500 786 3582 gestae
801 3521 1033 3580 reeens
1049 3499 1450 3584 quandoque
1468 3501 1879 3564 mandantur
1897 3493 2154 3581 seriptis
2189 3513 2344 3555 om-

242 3600 581 3685 nibusque
611 3602 700 3665 eis
718 3624 891 3688 quae
919 3602 1199 3690 urbibus
1228 3625 1395 3690 opus
1418 3604 1590 3681 sunt,
1616 3604 1981 3683 rursusque
2011 3593 2344 3671 consuetis

244 3704 386 3791 post
411 3700 604 3766 annis
639 3713 980 3789 tamquam
1002 3705 1278 3768 morbus
1305 3706 1562 3789 ingruit
1588 3703 1661 3768 in
1687 3727 1797 3768 eos
1823 3701 1955 3764 sese
1990 3695 2343 3761 effundens

244 3804 501 3869 flumen
517 3805 788 3870 caeleste
818 3817 881 3869 et
909 3827 998 3871 ex
1015 3806 1204 3870 vobis
1226 3795 1681 3892 relinquitqui
1701 3806 2086 3870 litterarum
2109 3810 2177 3862 et
2208 3798 2347 3864 hu-

246 3908 836 3996 manitatisinopes
852 3910 1025 3985 sunt,
1048 3922 1123 3973 ut
1143 3910 1369 3972 rursus
1400 3908 1484 3970 ab
1512 3907 1701 3970 initio
1720 3906 1912 3970 velut
1926 3904 2201 3969 iuvenes
2215 3926 2348 3968 ex·-

251 4006 502 4094 sistatis,
544 4010 715 4079 nihil
761 4010 1038 4088 seientes
1082 4032 1317 4077 rerum
1351 4010 1465 4076 hie
1495 4018 1573 4104 et
1617 4007 1797 4096 apud
1845 4029 1960 4077 vos
2013 4003 2351 4097 geste-runi
2425 4025 2428 4028 ’
