2738 4600
1135 306 1648 381 TIMAEUS.
1888 319 1897 332 “
2072 247 2081 264 Ι
2306 329 2427 380 aot

338 509 459 570 ma
501 466 670 550 vero
711 461 1096 550 minimam.
1156 482 1626 570 coarctatiqnis
1656 482 1967 550 videlicet
1994 482 2190 556 coitio
2219 505 2431 575 parva

337 590 414 656 in
443 608 847 675 magnorum
877 583 1247 651 vacuitates
1276 585 1637 652 contrudit.
1687 587 1910 675 parvis
1940 585 2146 681 igitur
2171 591 2253 655 ad
2273 612 2433 658 ma·-

340 714 471 777 gna
500 691 723 777 positis
759 700 826 754 et
845 686 1219 753 minoribus
1253 687 1518 753 maiora
1547 671 2094 772 discernentibus,
2142 692 2431 772 maiori-

336 793 468 859 bus
498 816 665 859 vero
692 792 806 857 illa
834 790 1321 875 colligentibus,
1338 790 1569 856 omnia
1587 793 1851 859 sursum
1868 793 2182 864 deorsum
2200 808 2434 863 trana-

332 895 665 964 feruntur
707 893 789 960 ad
833 895 983 959 suos
1031 895 1280 990 locon!
1308 894 1628 979 quodque
1671 893 1855 959 enim
1891 898 2429 980 magnitudinem

336 1010 614 1067 mutans
633 995 1176 1067 etiam-locorum
1205 1005 1425 1062 mutat
1459 997 1724 1067 statum.
1779 997 1869 1061 ita
1904 1010 1974 1065 et
2001 999 2120 1065 has
2145 1001 2233 1066 ob
2257 1023 2429 1067 cau..

337 1103 445 1166 sas
473 1098 968 1186 inaequalitatis
996 1101 1427 1163 conservatus
1442 1121 1523 1164 οι
1528 1112 1636 1165 tus
1666 1101 1930 1190 semper
1941 1100 2149 1168 efficit
2173 1115 2250 1170 ut
2259 1126 2431 1192 per-

339 1214 546 1291 petua
579 1202 823 1267 horum
858 1202 1070 1268 motio
1100 1212 1167 1265 et
1192 1203 1266 1266 fit
1295 1212 1367 1264 et
1390 1198 1621 1267 futura
1655 1202 1754 1269 fit.

513 1306 776 1371 Deinde
804 1305 934 1369 hoc
983 1314 1252 1390 oportet
1281 1302 1503 1369 teneri
1547 1304 1722 1390 ignis
1750 1327 1997 1393 genera
2025 1310 2245 1375 multa
2280 1314 2428 1384 effe,

339 1412 533 1475 velut
560 1408 909 1474 flammam
940 1416 1140 1491 atque
1190 1405 1255 1470 id
1292 1407 1471 1495 quod
1503 1429 1540 1470 e
1563 1406 1841 1477 flamma
1875 1410 2036 1488 exit,
2080 1412 2263 1499 quod
2297 1413 2435 1478 mi·-

338 1513 529 1579 nime
558 1509 832 1595 quidem
864 1507 1024 1590 urit,
1066 1508 1174 1573 sed
1204 1511 1427 1575 lucem
1456 1509 1669 1575 oculis
1701 1511 2000 1600 praebet,
2033 1517 2099 1576 et
2122 1514 2217 1593 id,
2244 1513 2435 1601 quod

338 1617 623 1683 flamma
663 1611 979 1676 exstincta
1016 1611 1086 1673 in
1118 1609 1319 1677 rebus
1365 1612 1804 1679 candentibus
1832 1618 1916 1681 de
1948 1615 2064 1680 illa
2090 1615 2436 1701 relinqui-

340 1730 482 1784 tur.
519 1715 819 1780 fimititer
854 1712 1025 1780 aeris
1056 1734 1214 1801 pars
1242 1705 1593 1782 clarissima
1626 1719 2026 1803 cognomine
2050 1717 2284 1783 aether
2302 1742 2435 1807 ap-

340 1816 676 1907 pellatur,
716 1816 1163 1881 turbidiffima
1186 1817 1434 1883 nebula
1470 1830 1539 1883 et
1577 1819 1915 1894 tenebrae,
1963 1820 2271 1907 aliaeque
2299 1844 2434 1886 no-

342 1920 530 1988 mine
571 1930 874 2012 carentes
902 1920 1151 2005 spec-ies
1175 1917 1392 1985 factae
1426 1942 1554 2009 per
1584 1921 2078 2007 triangulorum
2105 1923 2437 2008 inaequa-

340 2023 626 2110 litatem.
672 2044 886 2108 aquae
921 2019 1087 2090 vero
1119 2022 1426 2112 primum
1457 2022 1629 2087 duae
1662 2022 1817 2087 sunt
1845 2024 2123 2109 speciest,
2148 2024 2435 2093 humida

343 2147 509 2205 una,
527 2127 737 2192 altera
756 2148 833 2191 ea
857 2146 1029 2212 quae
1048 2123 1382 2194 funditur.
1401 2136 1467 2190 et
1485 2122 1765 2191 humida
1781 2126 2081 2211 quidem,
2102 2127 2254 2212 quia
2270 2149 2435 2214 par·-

342 2231 554 2327 ticeps
585 2232 670 2295 est
696 2250 937 2295 eorum
957 2249 1171 2315 aquae
1183 2249 1512 2316 generum
1542 2249 1716 2312 quae
1729 2250 1944 2316 parva
1969 2231 2257 2296 suntet
2235 2254 2435 2297 inae-

341 2334 591 2421 qualia,
636 2333 905 2400 mobilia
932 2330 1070 2419 ipsa
1089 2352 1210 2419 pel
1238 2332 1303 2394 se
1334 2342 1406 2395 et
1436 2353 1555 2416 per
1575 2323 1763 2397 aliud
1800 2345 2079 2418 propter
2107 2333 2443 2419 inaequa-.

286 2488 293 2495 .
341 2436 601 2502 litatem
631 2436 1022 2525 figuraeque
1049 2431 1343 2522 speciem
1374 2431 1551 2497 sacta
1578 2435 1695 2515 est,
1743 2432 1925 2518 quod
1956 2447 2187 2499 autem
2221 2458 2259 2498 e
2282 2458 2435 2502 ma·
2473 2501 2480 2507 ,

342 2538 493 2623 gnis
528 2549 595 2601 et
632 2536 1020 2623 aequalibus
1053 2536 1495 2624 compofitum
1539 2536 1666 2607 est,
1712 2533 1783 2600 id
1818 2533 2112 2600 stabilius
2154 2537 2434 2621 quidem

347 2642 438 2703 est
470 2639 585 2704 illo
623 2639 1050 2725 graviterque
1081 2647 1510 2725 compactum
1550 2657 1674 2726 per
1698 2636 2215 2723 aequalitatem,
2262 2663 2437 2731 pro-

343 2754 526 2832 pter
550 2743 778 2827 ignem
820 2753 1050 2807 autem
1099 2739 1534 2805 invadentem
1579 2751 1648 2805 et
1700 2737 2174 2807 dissolventem
2217 2766 2436 2830 quum

345 2834 840 2932 aequalitatem·
853 2843 1068 2908 amisit
1100 2841 1311 2939 magis
1350 2840 1432 2906 fit
1468 2840 1804 2929 particeps
1845 2842 2207 2924 motionis,
2255 2857 2325 2911 et
2349 2845 2437 2912 ad

344 2949 719 3015 motionem
748 2966 958 3032 quum
995 2944 1300 3031 proclive
1325 2943 1582 3012 factum
1609 2945 1736 3025 est,
1784 2969 1824 3012 a
1871 2945 2091 3012 vicino
2118 2948 2273 3014 aere
2298 2950 2437 3015 im-

324 3060 334 3067 ‘
346 3052 613 3140 pulsum
654 3061 720 3114 et
761 3042 1096 3112 deiectum
1138 3046 1209 3112 in
1252 3059 1538 3132 terram,
1591 3058 1971 3136 utrumque
1992 3048 2139 3131 hoc
2183 3074 2437 3117 nomen

345 3153 613 3218 invenit
638 3163 718 3217 ut
741 3149 1076 3236 liquefieri
1116 3136 1369 3216 molem
1396 3150 1703 3217 dicamus
1738 3172 1914 3236 quae
1942 3150 2336 3219 dissolvitur
2372 3164 2441 3219 et

346 3255 702 3334 evertitur,
748 3252 1194 3318 deiectionem
1224 3273 1391 3321 vero
1419 3252 1492 3318 in
1519 3263 1773 3318 terram
1799 3252 2194 3321 fluxionem
2206 3255 2441 3322 nomi-

348 3379 609 3423 nemus.
675 3355 914 3421 rursus
944 3365 1170 3420 autem
1207 3352 1562 3423 excidente
1601 3353 1811 3420 inde
1789 3378 1983 3443 agne,
2028 3356 2280 3442 quippe
2320 3354 2441 3440 qui

351 3478 493 3523 non
523 3457 595 3522 in
640 3478 935 3524 vacuum
989 3468 1221 3538 exeat,
1262 3455 1585 3547 impulsus
1625 3450 1892 3524 ricinus
1933 3456 2054 3522 a’e'r
2079 3455 2439 3524 humidam

351 3559 632 3640 molem,
671 3582 845 3646 quae
857 3559 1078 3626 adhuc
1102 3557 1302 3625 facile
1328 3560 1676 3641 movetur,
1718 3561 1794 3626 in
1826 3557 1996 3646 iguis
2022 3555 2247 3622 sedem
2273 3583 2445 3625 con-

242 3712 250 3721 ,
349 3660 573 3757 trudit
600 3671 671 3725 et
700 3683 852 3727 cum
882 3661 1010 3727 hoc
1042 3659 1463 3742 commiseet3
1494 3663 1621 3728 'ille
1648 3680 1821 3727 vero
1853 3659 2198 3727 contrusus
2226 3683 2444 3747 quum

350 3765 829 3849 aequalitatem
858 3766 1090 3831 rursus
1132 3761 1430 3849 accepit,
1478 3764 1732 3852 quippe
1773 3763 1930 3850 igne
1958 3762 2451 3849 inaequalitatis

356 3864 678 3933 effectore
723 3866 983 3954 elapso,
1049 3865 1124 3934 in
1166 3862 1458 3930 eundem
1511 3866 1730 3930 secum
1778 3866 2015 3931 statum
2057 3865 2447 3941 restituitur.

359 3978 562 4053 atque
591 3967 763 4054 ignis
797 3966 1063 4054 quidem
1100 3964 1412 4034 disceflus
1440 3964 1890 4053 refrigeratiO,
1916 3966 2121 4063 coitio
2147 3992 2310 4038 vero
2328 3968 2450 4034 illo

365 4069 648 4159 digresso
676 4080 1103 4200 compactum
1134 4092 1350 4159 genus
1387 4067 1657 4147 dicitur.
1729 4069 1786 4143 F
1790 4092 1836 4138 x
1864 4055 1968 4152 bia
1994 4058 2201 4161 igitm
2224 4063 2469 4137 omni-
