2738 4600
981 344 1434 421 PoL1T1A
1489 340 1618 416 lx,
2172 372 2179 381 ·
2277 345 2359 435 59

265 522 474 611 rege?
513 518 582 588 Si
610 518 808 595 dicas,
836 518 1082 606 inquit.
1172 521 1374 599 Tres,
1404 529 1481 586 ut
1507 517 1719 609 patet,
1746 526 1956 604 quum
1976 517 2360 605 voluptates

269 629 424 696 fint.
473 647 607 690 una
633 623 903 709 quidem
935 645 1293 710 germana,
1339 623 1517 686 duae
1546 645 1709 686 vero
1742 621 2183 696 adulterinae,
2229 620 2360 685 ad-

264 729 583 794 ulterinas
619 729 801 793 ultra
830 727 1270 813 progrediens
1302 738 1664 813 tyrannus,
1724 726 1886 789 dum
1928 727 2130 809 legem
2182 710 2359 808 fugit

260 845 459 916 atque
494 832 870 906 rationem,
915 852 1068 896 cum
1105 829 1314 894 servis
1360 827 1765 910 quibusdam
1804 826 2193 893 satellitibus
2226 838 2376 909 vo·-

210 968 217 971 ·
258 933 631 1020 luptatibus
663 933 936 1012 habitat,
982 945 1050 996 et
1079 946 1406 1019 quantum
1439 932 1810 1018 superetur,
1840 952 1966 994 nec
1994 942 2127 993 tam
2161 927 2353 994 facile
2435 937 2448 943 ’

236 1037 352 1111 *est
379 1035 557 1100 dictu
580 1083 598 1108 .,
645 1036 759 1099 nisi
792 1035 972 1100 forte
997 1034 1109 1101 ita.
1200 1032 1613 1124 Quomodo?
1655 1033 1894 1116 inquit.
1984 1034 2088 1098 Ab
2121 1054 2199 1094 eo
2235 1030 2355 1115 qui

261 1160 633 1226 paucorum
674 1137 960 1227 imperio
990 1136 1171 1203 favet
1216 1139 1455 1227 tertius
1494 1137 1637 1202 fere
1676 1150 2032 1224 t.yrannu83
2092 1133 2356 1197 medius

262 1242 446 1305 enim
492 1241 672 1305 inter
711 1261 826 1303 eos
867 1240 1206 1327 popularis
1248 1253 1415 1305 erat.
1519 1241 1639 1306 Ita.
1736 1239 1981 1306 Nonne
2031 1239 2235 1303 etiam
2279 1234 2355 1300 in
2428 1272 2434 1279 ·

260 1344 631 1431 voluptatis
661 1343 1012 1407 fimul‘acro
1040 1343 1243 1408 tertio
1273 1343 1356 1407 ab
1388 1343 1536 1420 illo,
1595 1344 1640 1407 fi
1668 1342 2025 1406 veritatem
2072 1341 2351 1425 spectas,

255 1448 466 1511 vitam
494 1445 824 1533 traducet,
864 1447 905 1508 fi
938 1446 1164 1530 priora
1194 1448 1350 1511 sunt
1378 1445 1588 1539 vera?
1633 1444 1873 1510 Etiam.
1961 1436 2347 1508 Paucorum

258 1551 489 1614 rursus
521 1548 794 1630 imperii
822 1549 1145 1614 studiosus
1174 1572 1213 1614 a
1246 1551 1429 1635 regio
1460 1553 1546 1615 est
1576 1549 1830 1627 tertius,
1871 1548 1915 1611 fi
1944 1545 2349 1633 optimatum

254 1648 531 1738 ‘imperii
568 1649 917 1733 studiosum
938 1663 1005 1716 et
1026 1653 1289 1739 regium
1321 1653 1822 1744 componimus.
1867 1647 2140 1714 Tertius
2166 1666 2349 1708 vero.

259 1756 403 1819 Ter
445 1753 685 1839 igitur²,
745 1753 1062 1840 inquam,
1123 1755 1327 1840 triplo
1377 1777 1665 1819 numero
1695 1764 1754 1814 'a
1800 1773 1959 1815 vera
2006 1750 2355 1833 voluptate

260 1857 450 1920 distat
484 1868 842 1942 tyrannus.
937 1857 1247 1922 Videtur.
1333 1857 1625 1919 Planum
1659 1877 1853 1939 erge,
1896 1853 2219 1935 inquam,
2280 1855 2357 1910 ut

255 1969 470 2046 patet,
550 1960 984 2025 fimulaerum
1050 1955 1422 2021 secundum
1491 1955 1930 2042 longitudinis
1989 1968 2356 2016 numerum

256 2059 637 2144 voluptatis
685 2060 1087 2144 tyrannicae
1125 2060 1270 2122 erit.
1352 2057 1548 2126 sane
1576 2058 1873 2142 quiderm
1960 2049 2351 2122 Secundum

258 2159 640 2246 potentiam
673 2171 898 2222 autem
939 2160 1345 2251 tertiumque
1384 2161 1879 2226 incrementum
1913 2155 2349 2245 perspicuum

260 2265 351 2328 est
382 2274 710 2346 quantum
741 2262 943 2326 distet.
1035 2263 1469 2347 Perspicuum
1500 2263 1806 2348 quidem,
1845 2258 2095 2346 inquit,
2132 2254 2350 2321 ratio-
2382 2259 2387 2272 ¹

258 2364 531 2431 cinandi
569 2365 810 2456 perito.
899 2368 1137 2433 Nonne
1192 2368 1433 2453 igitur,
1494 2370 1540 2433 fi
1585 2359 1733 2452 quis
1773 2365 2056 2430 inversa*
2086 2358 2356 2424 ratione

261 2469 507 2534 dixerit
533 2481 861 2554 quantum
894 2492 1021 2533 rex
1050 2470 1130 2533 ad
1164 2472 1529 2555 voluptatis
1570 2469 1921 2534 veritatem
1963 2488 2003 2530 a
2052 2475 2348 2548 tyranno

261 2572 486 2652 distet,
529 2572 752 2636 tricies
786 2573 1016 2636 novies
1033 2585 1097 2635 et
1127 2572 1485 2636 trecenties
1518 2570 1878 2635 iucundius
1912 2588 2072 2631 eum
2103 2564 2369 2628 viven·.

259 2687 398 2741 tem
438 2676 728 2762 reperiat
766 2672 1066 2763 perfecta
1111 2675 1700 2760 multiplicatione,
1762 2684 2129 2759 tyrannum
2177 2685 2345 2729 vero

261 2776 568 2844 acerbius
603 2770 834 2840 eadem
866 2775 991 2838 hac
1023 2776 1342 2843 distantia.
1430 2777 1860 2854 Immensaru,
1888 2770 2127 2858 inquit,
2155 2787 2348 2831 com-

259 2881 679 2969 putationem
709 2877 997 2941 detulisti
1028 2878 1446 2945 differentiae
1472 2879 1801 2958 virorum,
1834 2875 1980 2940 iusti
2012 2885 2076 2937 et
2104 2867 2343 2946 iniusti,

258 2984 520 3049 ratione
551 2980 920 3067 voluptatis
951 2994 1016 3048 et
1061 2983 1328 3051 doloris.
1419 2984 1742 3051 Attamen
1781 2991 2019 3045 verum
2062 2987 2132 3039 et
2176 2994 2345 3036 con-

258 3086 645 3151 venientem
681 3082 950 3168 quidem
976 3133 995 3163 ‚
1036 3085 1351 3170 inquam,
1398 3086 1552 3152 vitis
1577 3105 1980 3160 numerum,
2023 3075 2346 3163 fiquidem

261 3189 353 3253 eis
385 3185 799 3252 conveniunt
850 3185 989 3250 dies
1033 3200 1099 3250 et
1129 3202 1355 3255 noctes
1395 3200 1459 3254 et
1504 3189 1755 3253 menses
1789 3197 1857 3249 et
1896 3180 2079 3247 anni.
2165 3176 2345 3242 Sane

261 3290 567 3377 quidem,
626 3288 881 3373 inquit,
945 3291 1388 3360 conveniunt.
1477 3291 1723 3356 Nonne
1769 3288 2012 3375 igitur,
2070 3284 2112 3347 fi
2150 3290 2341 3341 tanto
2375 3337 2380 3342 .

257 3395 610 3511 voluptate
652 3394 921 3478 superat
959 3391 1177 3456 bonus
1209 3404 1278 3457 et
1323 3391 1526 3457 iustus
1577 3393 1833 3478 malum
1888 3400 1955 3452 et
1998 3383 2340 3457 iniustum,

258 3497 515 3562 mitum
551 3515 750 3578 quam
787 3495 1041 3560 maiore
1071 3475 1422 3584 superabit
1451 3496 1633 3561 vitae
1662 3504 1904 3560 ornatu
1938 3501 2004 3551 et
2038 3475 2344 3571 pulchri-

257 3597 502 3663 tudine
536 3608 602 3660 et
645 3575 1271 3664 viituse.Mi1·'um
1294 3621 1459 3663 vero
1492 3599 1753 3671 hercle,
1797 3588 2041 3675 inquit.

431 3704 577 3764 Iam
611 3721 798 3772 vero,
843 3702 1122 3786 inquam
1146 3750 1165 3781 ,
1210 3723 1418 3786 quum
1451 3725 1531 3766 eo
1563 3723 1671 3763 res
1699 3696 1980 3761 adducta
2011 3689 2105 3761 fit,
2136 3706 2343 3773 repe·-

260 3814 478 3869 iamus
513 3803 735 3891 primo
761 3804 970 3876 dicta.
1033 3817 1316 3891 propter
1351 3827 1521 3891 quae
1554 3804 1689 3867 huc
1725 3793 2192 3887 procesfintus3
2234 3790 2343 3855 di-

260 3907 536 3971 cebatur
580 3917 843 3982 autem,
900 3906 969 3970 ni
1017 3904 1252 3987 fallor,
1321 3906 1624 3996 prodeffe
1663 3896 1978 3965 iniuriam
2028 3891 2249 3959 facere
2279 3891 2342 3956 ei

262 4010 376 4095 qui
422 4007 715 4095 perfecte
774 4009 1050 4073 iniustus
1103 4012 1293 4088 estet,
1361 4008 1564 4073 iustus
1606 4025 1767 4068 vero
1822 4000 2339 4086 existimaram-3

263 4134 350 4179 an
379 4113 648 4181 nonita
675 4110 1074 4181 dicebatur?
1116 4112 1218 4178 Ita
1257 4132 1438 4179 vero.
1524 4106 1717 4175 Nunc
1751 4105 1993 4192 igitur,
2035 4103 2336 4184 inquam,
2435 4097 2438 4100 ’
