2738 4600
1121 323 1626 395 TIMAEUS.
2293 323 2415 392 255

331 504 512 573 enim
541 520 808 587 quoque
840 507 1103 562 mutato
1135 509 1203 562 et
1231 496 1565 586 migrante
1588 497 1992 565 incalescunt
2022 520 2193 587 quae
2218 497 2414 587 prius
2478 505 2493 520 ·

330 607 698 695 frigebant,
737 603 902 666 ficea
931 612 1153 665 autem
1181 601 1250 666 in
1282 605 1618 690 posterum
1648 600 1821 666 fiunt
1855 599 2131 668 humida
2152 647 2172 678 ‚
2217 613 2289 666 et
2311 601 2416 666 le-

332 712 441 778 via
471 726 742 796 quoque
773 716 841 769 et
862 703 1087 791 gravia
1115 716 1468 790 ceteraque
1498 707 1730 770 omnes]
1776 706 2050 770 omnino
2088 703 2416 771 mutatio-

329 838 447 881 nes
495 807 856 897 accipiunt.
917 809 1133 875 solum
1177 805 1526 890 videlicet,
1587 821 1663 873 ut
1709 809 2058 895 ponimus..
2117 808 2183 873 id
2228 804 2415 894 quod

328 918 447 985 fibi
484 913 728 979 constat
757 921 823 974 et
862 932 999 976 una
1027 908 1400 995 eademque
1428 905 1686 976 ratione
1712 924 1778 978 et
1803 933 1928 996 pro
1964 896 2274 999 portione
2298 932 2416 975 ae-

334 1019 516 1087 cedit
542 1027 612 1081 et
642 1012 916 1090 decedit,
947 1014 1111 1078 finet
1137 1012 1204 1078 id
1245 1011 1424 1098 quod
1454 1014 1634 1080 idem
1668 1015 1757 1079 est
1785 1026 1991 1100 atque
2030 1014 2245 1101 ipsum
2279 1001 2416 1077 sal-

329 1145 497 1190 vum
522 1131 584 1185 et
610 1120 845 1183 sanum
866 1136 1179 1189 manere;
1214 1117 1672 1204 quodcunque
1703 1139 1867 1183 vero
1895 1117 1980 1180 ab
2008 1116 2133 1182 hac
2152 1114 2414 1180 ratione

333 1227 603 1294 aberrat
632 1220 958 1286 decedens
993 1219 1100 1282 vel
1128 1218 1451 1283 accedens
1471 1271 1490 1301 ‚
1533 1220 1601 1285 id
1637 1220 2047 1286 diversitates
2073 1217 2241 1313 varii
2271 1238 2418 1279 om-

329 1331 569 1414 nisque
612 1322 874 1411 generis
918 1332 987 1384 et
1028 1318 1306 1384 morbos
1357 1333 1424 1383 et
1464 1323 1928 1408 corruptiones
1971 1318 2414 1407 infinitoeaxalr·

328 1432 525 1499 feret.
562 1423 895 1490 secundae
922 1443 1133 1509 porro
1162 1441 1371 1507 quum
1408 1423 1922 1490 constructiones
1948 1436 2230 1489 naturae
2257 1442 2418 1487 σου·

329 1532 689 1599 venie-nter
715 1521 1045 1590 conflatae
1074 1525 1229 1606 fint,
1275 1526 1561 1591 secunda
1591 1526 1990 1593 morborum
2033 1524 2414 1591 considera-

328 1636 430 1702 tio
472 1626 758 1713 obtingit
808 1627 1267 1716 perspectum.
1301 1681 1304 1686 .
1334 1629 1494 1715 quia
1541 1630 1721 1695 enim
1760 1628 2055 1696 medulla
2083 1640 2151 1692 et
2182 1631 2311 1693 offa
2349 1637 2417 1692 et

334 1757 496 1803 caro
523 1745 591 1797 et
622 1754 872 1796 nervus
913 1752 997 1794 ex
1033 1729 1166 1796 illis
1197 1748 1544 1820 compacta
1567 1735 1746 1812 sunt,
1767 1743 2116 1820 praeterea
2149 1725 2419 1814 q'n'oque

332 1836 600 1924 sanguis
626 1886 642 1916 ,
696 1832 827 1898 alio
858 1833 1131 1918 quidem
1168 1836 1371 1900 modo
1394 1887 1411 1913 ,
1459 1857 1543 1899 ex
1572 1834 1804 1900 iisdem
1837 1856 1998 1899 vero
2025 1844 2258 1905 natus,
2304 1853 2421 1896 re-

329 1944 680 2029 liquorum
718 1935 988 2023 quidem
1030 1927 1256 2002 morbi
1292 1907 1578 2024 plurimi
1616 1935 2190 2023 quemadmodum
2232 1935 2421 2024 prio-

332 2068 445 2112 res
481 2039 844 2119 eveniunt,
910 2038 1202 2104 maximi
1258 2061 1426 2105 vero
1471 2039 1655 2126 iique
1697 2035 1937 2128 graves
1980 2039 2105 2104 hac
2149 2040 2421 2103 ratione

332 2144 685 2215 incidunt:
745 2162 958 2228 quum
1000 2140 1315 2208 videlicet
1354 2165 1596 2208 eorum
1640 2155 1824 2209 ortus
1874 2144 2116 2209 ordine
2145 2144 2417 2210 inverso

330 2247 806 2343 progreditur,
864 2253 1010 2310 tum
1059 2256 1619 2334 corrumpuntur.
1694 2247 2064 2314 secundum
2097 2260 2419 2313 naturam

333 2350 516 2419 enim
555 2370 790 2415 earnes
840 2358 905 2412 et
950 2348 1149 2412 nervi
1190 2372 1228 2413 e
1268 2348 1591 2435 sanguine
1631 2351 1975 2432 exfistunt,
2036 2350 2104 2417 et
2156 2373 2418 2417 nervus

334 2455 613 2543 quidem
656 2474 695 2515 e
737 2449 927 2515 fibris
972 2465 1252 2539 propter
1320 2454 1826 2550 cognationem?
1887 2474 2122 2519 carnea
2172 2448 2337 2520 vero
2379 2473 2421 2516 e

340 2565 694 2641 compacto
754 2574 835 2616 eo
893 2555 1072 2636 quod
1127 2577 1168 2618 a
1223 2556 1411 2622 fibris
1465 2560 1860 2646 separatum·
1893 2557 2176 2629 coaluit;
2237 2552 2420 2642 quod

341 2671 569 2726 autem
665 2678 704 2720 a
775 2655 1004 2718 nervis
1075 2668 1146 2720 et
1224 2659 1534 2724 carnibus
1561 2648 1574 2659 ’
1619 2655 1919 2725 abscedit
2003 2656 2420 2743 glutinosum

331 2761 500 2828 illud
574 2754 851 2844 quidem
918 2769 986 2822 et
1054 2759 1303 2847 pingue
1328 2810 1348 2843 ‚
1421 2762 1488 2828 id
1554 2763 1750 2829 fimul
1818 2752 2094 2831 carnem
2179 2760 2417 2824 offium

332 2873 623 2931 naturae
694 2859 1065 2947 agglutinat
1130 2861 1410 2950 ipsaque
1479 2866 1845 2933 medullam
1928 2859 2420 2934 circumdantia

335 2968 500 3043 offa¹
535 2960 751 3027 nutrit
815 2973 884 3027 et
954 2976 1156 3051 auget
1180 3013 1199 3039 ‚
1273 2967 1344 3031 id
1413 2990 1617 3058 porro
1685 2968 1868 3057 quod
1941 2991 2064 3057 per
2135 2963 2424 3061 densita-

332 3079 475 3132 tem
530 3066 762 3131 ossium
820 3067 1318 3134 transfunditur
1375 3071 1800 3158 purissimum
1844 3094 2058 3159 genus
2107 3069 2421 3152 triangu-

331 3171 600 3250 lorum,
651 3167 1049 3234 leviffimum
1098 3179 1182 3233 et³
1207 3169 1753 3256 pinguisfimum‚
1796 3173 2012 3239 fluens
2051 3170 2134 3236 ab
2172 3166 2420 3236 ossibus

333 3284 536 3361 atque
560 3271 837 3350 stillam,
882 3271 1125 3365 irrigat
1152 3272 1546 3340 medullam.
1594 3285 1663 3339 et
1689 3274 1817 3341 hac
1845 3275 2122 3360 quidem
2153 3270 2421 3338 ratione

334 3396 644 3463 quaeque
691 3395 904 3459 quum
951 3373 1300 3457 accidunt,
1357 3375 1600 3442 sanitas
1652 3376 1940 3466 obtingit
1978 3400 2070 3441 ex
2116 3372 2442 3440 maxima‘

334 3484 562 3563 parte,
609 3476 834 3542 morbi
863 3498 1071 3550 vero,
1117 3498 1332 3562 quum
1359 3489 1612 3546 contra.
1657 3502 1873 3566 quum
1905 3478 2091 3549 enim
2128 3483 2284 3543 caro
2330 3473 2425 3539 li·-

304 3585 308 3590 ’
337 3577 657 3666 quescens
682 3579 908 3645 rursus
944 3578 1019 3643 in
1047 3600 1257 3645 venas
1284 3578 1692 3665 liquescendi
1733 3582 1973 3647 statum
2003 3574 2422 3659 transmittit,

334 3691 487 3747 tum
513 3700 651 3746 una
673 3703 832 3751 cum
863 3678 1102 3768 spiritu
1148 3680 1410 3769 sanguis
1459 3684 1711 3749 multus
1749 3693 1829 3772 et,
1853 3682 2082 3748 varius
2125 3681 2199 3748 in
2228 3678 2424 3748 venis

334 3781 675 3851 coloribus
724 3794 793 3848 et
834 3783 1328 3865 amaritudine,
1373 3795 1724 3873 praeterea
1753 3780 1958 3848 acidis
1997 3796 2069 3848 et
2111 3783 2282 3849 salsis
2309 3783 2422 3850 vi-

335 3886 527 3952 ribus
559 3886 931 3968 distinam,
979 3885 1185 3953 bilem
1212 3899 1280 3951 et
1313 3888 1541 3953 serum
1573 3898 1637 3951 et
1667 3886 1983 3977 pituitam
2022 3886 2241 3974 gignit
2266 3909 2424 3952 om·

334 3990 440 4058 nis
467 3989 763 4076 generis;
821 3989 1161 4055 contraria
1200 3987 1383 4056 enim
1424 3987 1690 4055 ratione
1736 4009 1951 4077 quum
1988 3991 2219 4057 omnia
2246 3990 2425 4055 fiunt

338 4103 409 4160 ct
447 4103 1019 4182 corrumpuntur,
1062 4091 1283 4180 ipsum
1324 4089 1719 4178 sanguinem
1760 4091 2064 4181 primum
2098 4092 2421 4182 perdunt,
