2738 4600
1016 364 1461 439 POL1T1A
1512 365 1602 438 x.
1704 327 1707 330 ’
1985 430 1988 433 ,
2259 374 2343 447 es

260 543 499 612 ximus
534 537 763 606 omnia
807 556 933 628 per
967 536 1235 605 infitam
1281 538 1720 630 pravitatem)
1765 559 1938 630 quae
1980 544 2342 615 obfidendo

263 658 335 713 et
366 642 781 710 inhaerendo
819 643 1235 731 corrumpit,
1300 666 1382 710 eo
1423 645 1838 730 perveniunt
1887 659 1967 714 ut
2001 660 2136 716 'nec
2174 651 2340 735 fint3

255 769 476 816 nonne
515 746 666 811 ita?
725 745 968 812 Etiam.
1054 746 1198 832 Age
1240 745 1444 828 dum,
1504 745 1708 813 etiam
1752 747 2058 817 animum
2100 753 2339 820 eadem

251 850 519 919 ratione
547 849 887 915 confidera
904 875 923 912 ε
952 868 1123 915 num
1158 848 1477 916 iniustitia
1503 847 1777 936 quaein
1795 871 1876 915 ec
1901 849 2063 918 inest
2091 867 2156 921 et
2173 858 2341 924 reli-

251 976 381 1044 qua
412 952 713 1042 pravitas
735 949 1150 1018 inhaerendo
1175 963 1243 1016 et
1271 951 1636 1018 obsidendo
1669 973 1830 1019 enm
1860 958 2241 1045 corrumpit
2273 970 2341 1026 et

254 1056 625 1137 consumit,
686 1055 852 1120 dum
893 1053 979 1118 ad
1019 1064 1312 1120 mortem
1361 1075 1519 1119 eum
1564 1055 1939 1145 perducem
1980 1081 2021 1124 a
2064 1066 2340 1149 corpore

222 1158 564 1248 ‘separe-t?
602 1159 1081 1243 Nequaquam,
1125 1152 1383 1242 inquit,
1426 1156 1576 1224 hoc.
1666 1158 1756 1227 At
1783 1182 1950 1226 vero
1987 1160 2339 1234 illud'non

252 1265 340 1328 est
377 1262 905 1328 consentaneum
926 1306 946 1340 ,
992 1257 1301 1344 inquam,
1347 1257 1519 1324 aliua
1566 1259 1841 1345 quidem
1890 1264 1993 1329 rei
2036 1266 2342 1353 pravita-

247 1377 386 1432 tem
417 1364 713 1454 perdere
737 1359 1011 1447 aliquid,
1029 1359 1379 1448 propriam
1411 1352 1632 1427 autem
1668 1384 1806 1430 non
1839 1366 2139 1452 perdere.
2182 1368 2339 1435 Non

250 1471 338 1534 est
367 1469 922 1534 consentaneum.
1010 1461 1244 1548 Cogita
1277 1465 1483 1537 enim,
1528 1464 1829 1550 inquam,
1875 1466 2165 1554 Glauco,
2210 1491 2337 1536 nec

249 1571 559 1639 ciborum
593 1564 946 1655 pravitate,
976 1584 1442 1650 quaecumque
1470 1586 1710 1632 eorum
1738 1566 2035 1657 ipsorum
2067 1571 2167 1652 fit,
2207 1574 2337 1638 five

246 1674 545 1739 vetustas
572 1670 709 1733 five
744 1669 1030 1756 putredo
1058 1667 1194 1732 five
1223 1667 1354 1732 alia
1382 1689 1883 1755 quaecumque,
1927 1695 2052 1737 nos
2091 1686 2339 1758 putare

249 1772 685 1867 pereundum
716 1776 846 1838 effe
891 1767 1201 1857 corpori)
1250 1766 1396 1847 sed,
1438 1768 1483 1831 fi
1533 1769 1810 1836 illorum
1847 1772 2143 1859 pravitas
2178 1796 2338 1838 cor-

248 1876 414 1966 pori
463 1873 721 1953 iniiciat
762 1870 1067 1959 corporis
1106 1868 1387 1947 vitium,
1431 1867 1734 1934 dicemus
1762 1871 1828 1936 id
1863 1873 2178 1960 perillus
2220 1876 2338 1941 suo

247 1981 473 2070 ipsum
506 1978 678 2043 vitio
724 1975 847 2057 qui
871 1970 1151 2037 morbus
1175 1971 1251 2033 fit
1280 1966 1537 2058 perire,
1582 1970 1882 2038 ciborum
1919 1985 2150 2040 aulem
2177 1999 2339 2064 pra-

246 2083 469 2148 vitate
511 2079 631 2163 qui
663 2075 910 2140 diversi
941 2076 1066 2139 fint
1107 2093 1348 2159 corpus
1391 2072 1565 2158 quod
1607 2074 1940 2143 diversum
1971 2078 2085 2153 fit,
2130 2081 2198 2145 id
2225 2083 2335 2169 est,

249 2180 481 2249 alieno
524 2179 707 2244 malo
755 2177 931 2264 quod
989 2198 1128 2241 non
1173 2174 1425 2240 iniiciat
1463 2173 1727 2242 infitum
1768 2178 2068 2262 malum,
2125 2205 2332 2250 num..

248 2306 464 2374 quam
499 2281 907 2347 censebimus
936 2277 1303 2366 corrumpi.
1388 2277 1798 2360 Rectirfime,
1839 2280 2096 2368 inquit.
2140 2284 2330 2352 dicis.

247 2385 511 2454 Eadem
539 2384 759 2471 igitur,
772 2380 1057 2461 ratione,
1087 2380 1391 2467 inquam,
1417 2380 1463 2445 fi
1503 2380 1805 2469 corporis
1836 2379 2078 2451 vitium
2102 2388 2332 2452 animo

252 2512 394 2555 non
428 2486 641 2552 iniicit
678 2483 893 2551 animi
937 2482 1176 2548 vitium
1199 2529 1218 2560 ,
1273 2502 1647 2567 numquam
1691 2483 2075 2551 censeamus
2114 2486 2333 2556 alieno

250 2591 439 2659 malo
477 2591 612 2653 fine
633 2585 912 2674 propria
960 2582 1286 2671 pravitate
1315 2582 1620 2650 animum
1656 2585 1911 2671 perire,
1951 2585 2200 2674 quippe
2221 2588 2336 2654 di·-

249 2691 532 2758 'versum
561 2688 662 2754 rei
691 2686 991 2751 diversae
1019 2684 1220 2751 malo.
1275 2682 1820 2752 Consentaneum
1855 2709 2019 2753 vero
2050 2690 2172 2768 est,
2215 2689 2331 2755 in-

254 2793 424 2881 quit.
514 2793 653 2858 Aut
685 2788 892 2876 igitur
933 2785 1099 2851 haec
1144 2784 1631 2852 convincamus
1659 2812 1796 2853 non
1833 2801 2014 2854 reete
2056 2812 2178 2856 nos
2217 2793 2329 2860 su-

253 2916 467 2973 mere,
496 2904 636 2975 aut,
673 2889 896 2976 quoad
931 2910 1066 2954 non
1086 2887 1234 2952 sunt
1265 2887 1592 2963 convicta,
1621 2912 1994 2976 numquam
2024 2891 2328 2960 dicamus

253 2995 426 3063 febri
472 2996 587 3059 vel
636 2994 769 3059 alio
807 2990 1050 3058 morbo
1088 3011 1310 3075 neque
1350 2991 1549 3056 etiam
1579 2993 1811 3075 caede,
1855 3016 2074 3079 neque
2097 2999 2143 3061 fi
2177 2996 2331 3082 quie

254 3099 328 3164 in
353 3107 581 3187 partes
609 3116 815 3181 quam
845 3091 1312 3159 minutisfimas
1343 3105 1564 3158 totum
1596 3115 1838 3182 corpus
1861 3096 2062 3174 secet,
2086 3097 2329 3166 iccirco

257 3200 562 3265 animum
603 3197 858 3286 perire,
900 3195 1294 3281 priusquam
1342 3195 1578 3280 aliquis
1616 3195 2008 3281 probaverit
2042 3220 2166 3287 per
2208 3200 2331 3265 hae

257 3300 560 3389 corporis
592 3297 973 3365 affectiones
1012 3295 1226 3381 ipsum
1266 3297 1463 3363 illum
1506 3295 1920 3376 iniustiorem
1964 3312 2033 3365 et
2067 3301 2330 3387 impro-

255 3404 520 3470 biorem
547 3403 858 3468 exfistere.
926 3399 1170 3466 -alieno
1212 3409 1439 3461 autem
1480 3400 1657 3465 malo
1697 3398 1769 3466 in
1804 3401 1932 3467 alio
1963 3402 2325 3474 exsistente.

255 3500 541 3593 proprio
569 3523 728 3592 vero
762 3501 1078 3586 cuiusque
1114 3522 1251 3566 non
1300 3499 1726 3579 inhaerente,
1773 3525 1991 3588 neque
2020 3502 2331 3578 animum

255 3627 485 3692 neque
514 3604 691 3671 aliud
723 3608 877 3693 quid
903 3606 1194 3675 finamua
1219 3600 1437 3667 dicere
1467 3625 1879 3689 quemquam
1905 3600 2152 3689 perire.
2234 3604 2331 3672 At

258 3731 464 3788 vero,
496 3704 750 3795 inquit,
775 3704 902 3771 hoc
931 3706 1205 3792 quidem
1240 3726 1442 3770 nemo
1470 3694 1795 3791 umquam
1826 3701 2147 3780 ostendet,
2176 3725 2331 3771 mo-

258 3810 584 3878 rientium
643 3813 900 3876 animos
938 3808 1308 3878 iniustiores
1345 3827 1467 3893 per
1512 3818 1804 3872 mortem
1847 3802 2154 3871 evadere.
2257 3807 2330 3880 Si

259 3911 402 4000 quie
431 3923 681 3999 autem,
707 3911 1012 4000 inquam,
1031 3909 1407 3978 orationem
1440 3908 1732 3975 nostram
1770 3881 2124 3975 conabitur
2159 3910 2331 3980 ado-,-

1777 4209 1914 4276 Fa
