2738 4600
1009 306 1451 374 POLITIA
1510 307 1596 376 x.
1877 290 1881 297 '
2256 310 2341 400 89

271 483 486 571 Gygis
511 480 822 549 annulum
847 482 977 545 five
1014 503 1155 546 non
1183 481 1541 554 1111110111,οι
1566 491 1832 571 praeter
1851 468 2192 548 eiusmodi
2218 505 2342 548 an·-

272 587 509 655 nulum
542 581 845 649 Plutonis
870 583 1177 668 galeam?
1220 584 1607 661 Velisfima,
1630 585 1890 668 inquit,
1917 585 2130 650 (11013.-
2156 586 2343 652 Νι1111

271 689 499 774 igitur,
546 686 864 773 inquam,
870 632 1212 768 ζ,(31111100,
1256 709 1443 752 nunc
1486 685 1728 750 nobis
1709 709 1843 750 iam
1872 710 2010 751 non
2051 688 2185 757 erit
2225 693 2344 754 in·-

269 789 484 854 vidiae
529 800 801 878 praeter
844 786 960 852 illa
1013 789 1218 854 etiam
1270 788 1575 879 praemia
1617 785 1900 851 iustitiae
1946 802 2009 854 et
2047 791 2346 877 reliquae

269 891 529 955 virtuti
559 890 856 955 tribuere
882 903 1134 975 quanta
1175 904 1243 956 et
1264 891 1487 977 qualia
1505 889 1740 955 »animo
1779 889 1969 955 affert
2008 892 2090 957 ab
2121 892 2346 959 homi-

267 993 469 1067 nibus
497 1005 564 1057 et
593 1014 631 1057 a
651 991 778 1057 diis
802 1004 940 1058 tam
972 994 1220 1059 viventi
1248 995 1475 1060 adhuc
1506 992 1764 1058 homini
1792 1015 2000 1078 quam
2028 996 2342 1061 mortuo?

264 1096 695 1172 Admodum,
733 1096 973 1181 inquit.
1028 1098 1204 1163 Num
1231 1098 1438 1181 igitur
1470 1095 1640 1160 mihi
1669 1094 1958 1162 reddetis
1984 1098 2163 1183 quod
2189 1120 2345 1162 mu-

248 1180 462 1263 tuum
507 1198 860 1285 sumpsistis
909 1198 981 1263 in
1024 1199 1384 1263 oratione?
1431 1184 1618 1287 Quid
1662 1198 2119 1286 potissimum?
2172 1199 2348 1264 Dedi

269 1300 454 1364 vobis
480 1299 723 1364 iustum
749 1299 962 1364 videri
990 1301 1303 1365 iniustum
1334 1301 1461 1364 ess'e
1489 1313 1557 1365 et
1579 1301 1890 1366 iniustum
1915 1300 2196 1366 iustum·
2175 1327 2197 1383 3
2229 1323 2347 1367 vos

269 1404 459 1466 enim.
484 1402 880 1478 censebatis,
908 1402 1152 1466 etiamsi
1177 1400 1325 1466 fieri
1356 1422 1496 1467 non
1531 1405 1739 1491 poss'et
1765 1415 1841 1468 ut
1869 1402 2035 1468 haec
2058 1404 2347 1475 laterent

268 1515 335 1569 et
383 1503 545 1568 deos
603 1514 669 1567 et
711 1503 1042 1578 homines,
1085 1515 1337 1569 ·tamen
1389 1504 1457 1570 id
1518 1507 1812 1572 dandum
1860 1506 1983 1569 effe
2021 1506 2346 1571 orationis

268 1608 501 1687 causa,
544 1617 624 1669 ut
651 1605 789 1692 ipsa
828 1605 1070 1670 iustitia
1115 1630 1202 1672 ex
1245 1607 1560 1687 iniustitia
1598 1608 1737 1695 ipsa
1764 1598 2212 1688 iudicaretur3
2256 1631 2347 1674 an

266 1731 417 1774 non
457 1707 858 1772 meministi?
903 1710 1144 1773 Iniuste
1192 1710 1346 1773 sane
1372 1709 1701 1786 facerem,
1745 1709 1864 1773 nisi
1885 1711 2348 1780 meminissem.

270 1811 619 1898 Quoniam
655 1810 864 1893 igitur
886 1858 905 1891 ‚
947 1811 1271 1894 inquam,
1315 1809 1649 1873 iudicatae
1684 1810 1873 1889 sunt,
1916 1810 2038 1895 ego
2069 1810 2351 1876 vicisfim

264 1915 544 2001 reposco
571 1911 859 1977 iustitiae
892 1911 1168 1995 nomine
1204 1921 1316 1990 ut,
1360 1921 1570 1998 prout
1595 1912 1936 1974 censeatur
1970 1924 2037 1977 et
2065 1935 2103 1976 a
2135 1912 2257 1978 diis
2287 1925 2353 1978 et

273 2016 358 2082 ab
384 2015 778 2079 hominibus
798 2057 815 2085 ,
843 2035 963 2075 vos
995 2034 1259 2098 quoque
1291 2010 1744 2093 confiteamini
1773 2011 1868 2078 ita
1897 2012 1981 2077 de
2023 2036 2099 2080 ea
2130 2015 2352 2081 existi-

274 2116 492 2198 mari,
535 2127 612 2179 ut
640 2113 842 2177 etiam
871 2110 1166 2200 palmam
1197 2111 1470 2198 accipiat
1494 2131 1696 2198 quam
1740 2138 1825 2179 ex
1858 2136 1937 2179 eo
1976 2119 2155 2202 quod
2203 2119 2351 2184 talis

271 2219 554 2285 videtui
582 2229 843 2304 partam
872 2214 1110 2280 tribuit
1133 2214 1225 2278 eis
1257 2215 1371 2299 qui
1398 2214 1612 2303 ipsam
1640 2218 2008 2320 posfident4
2023 2220 2348 2305 siquidem

272 2321 481 2387 etiam
512 2321 685 2385 bona
715 2340 801 2382 ex
835 2339 911 2382 eo
945 2318 1121 2402 quod
1153 2318 1239 2381 est
1264 2321 1608 2385 manantia
1633 2322 2013 2408 repetimus
2041 2333 2191 2388 eam
2217 2327 2351 2389 tri-

248 2423 488 2489 1111010
519 2446 644 2487 1100
672 2421 981 2509 decipere
1003 2442 1114 2485 eos
1140 2419 1257 2505 qui
1285 2442 1526 2509 revera
1550 2422 1765 2511 ipsam
1785 2422 2352 2494 nanciscerentur.

271 2528 480 2606 Iusta,
541 2524 790 2611 inquit3
834 2521 1025 2611 petis,
1109 2522 1350 2588 Nonne
1392 2521 1633 2609 igitur,
1673 2523 1992 2618 inquam,
2047 2527 2352 2617 primum

270 2628 408 2693 1100
439 2628 730 2692 reddetis
758 2626 916 2692 deos
946 2648 1085 2690 non
1123 2623 1332 2688 latere
1382 2625 1595 2709 qualis
1629 2639 1914 2714 uterque
1956 2652 2186 2695 eorum
2232 2631 2351 2696 fit?
2403 2701 2410 2716 ἒ

269 2724 663 2798 Reddemus
688 2749 887 2808 vero,
930 2724 1171 2812 inquit.
1237 2725 1494 2813 Quodsi
1520 2750 1660 2792 non
1692 2730 1939 2809 latent,
1984 2754 2165 2798 unus
2197 2735 2354 2820 qui-

275 2831 432 2896 dem
462 2828 588 2892 deo
612 2851 840 2909 carna,
886 2831 1055 2894 alter
1098 2831 1265 2891 vero
1292 2827 1564 2894 invisus
1575 2830 1732 2913 erit,
1778 2836 2353 2919 quemadmodum

224 3002 228 3005 Α
275 2934 481 2999 etiam
515 2931 714 2996 initio
742 2915 1012 2995 confessi
1035 2932 1282 2995 snmus.
1354 2930 1532 2997 Sunt
1559 2930 1687 2997 ista.
1764 2936 1908 3000 Deo
1942 2951 2165 3004 autem
2196 2962 2351 3005 caro

273 3059 500 3104 nonne
537 3033 1006 3101 confitebimur
1051 3054 1516 3121 quaecumque
1580 3056 1619 3097 a
1666 3034 1789 3099 diis
1845 3037 2354 3137 pioficiscantur

277 3140 506 3205 omnia
535 3135 865 3228 proficisci
909 3157 1110 3221 quam
1141 3136 1438 3202 maxime
1468 3137 1673 3217 bona,
1719 3137 1835 3200 nisi
1887 3128 2045 3224 quid
2087 3139 2247 3205 mali
2287 3138 2357 3203 01

273 3239 637 3307 necessario
667 3262 702 3302 e
731 3238 956 3325 priore
982 3249 1253 3326 peccato
1283 3237 1669 3322 contingat?
1712 3237 1885 3305 Sane
1911 3243 2206 3327 quidem.
2253 3243 2354 3306 Ita

274 3343 485 3428 igitur
512 3339 953 3406 iudicandum
994 3341 1082 3403 est
1121 3338 1204 3403 de
1235 3340 1402 3405 iusto
1440 3340 1625 3427 viro,
1671 3341 1801 3406 five
1845 3343 1919 3407 in
1960 3352 2355 3431 paupertate

202 3435 212 3448 ’
276 3445 592 3510 versetur
638 3446 769 3508 five
819 3442 892 3507 in
932 3438 1186 3506 morbis
1229 3442 1366 3507 five
1410 3444 1541 3510 alio
1584 3466 1722 3529 quo
1755 3468 1928 3529 quae
1962 3445 2353 3510 censeantur

276 3546 659 3620 malorum,
703 3545 864 3609 huic
889 3544 1056 3608 haec
1080 3544 1153 3610 in
1179 3544 1432 3612 bonum
1464 3547 1734 3633 aliquod
1785 3548 2061 3609 evasura
2083 3544 2210 3606 .οΙΪο
2242 3540 2355 3605 vi-

277 3646 473 3716 venti
514 3648 618 3711 vel
664 3648 864 3711 etiam
915 3659 1216 3724 1110111105
1282 3671 1497 3735 neque
1548 3651 1731 3713 enim
1784 3671 1822 3711 a
1869 3644 1993 3709 diis
2029 3664 2356 3728 umquam

279 3750 646 3835 negligitul
678 3748 790 3834 qui
834 3750 1019 3814 omni
1063 3772 1192 3836 ope
1231 3761 1433 3837 atque
1472 3771 1677 3839 opera
1719 3746 1991 3812 enititur
2032 3755 2108 3807 111
2150 3744 2355 3813 iustus

285 3852 553 3918 exsistat
587 3863 671 3916 et
702 3851 1030 3916 virtutem
1066 3854 1291 3917 colens
1333 3876 1537 3942 quam
1575 3850 1877 3916 maxime
1911 3849 2116 3934 potest
2146 3849 2355 3915 homo

283 3953 368 4017 ad
411 3953 517 4017 dei
556 3954 1058 4019 fimilitudinem
1100 3953 1391 4019 accedat.
1481 3953 2010 4039 Consentaneum
2055 3952 2207 4034 sane
2249 3957 2355 4032 est,

281 4054 548 4142 inquit,
602 4058 809 4127 talem
853 4079 991 4124 non
1030 4054 1273 4144 negligi
1317 4078 1357 4121 a
1398 4035 1608 4124 fim'ili.
1701 4054 1962 4154 Nonne
1991 4057 2094 4130 de
2113 4056 2370 4126 iniusto-

1274 4335 1282 4378 1
