2738 4600
1062 366 1579 437 TIMAEUS.
1830 316 1843 341 ⁸
2247 375 2370 445 »σε

291 543 636 614 voluerint
693 564 975 634 parere,
1033 536 1173 604 eius
1216 541 1432 606 satum
1484 552 1551 604 et
1599 538 1862 607 initium
1910 563 2033 630 ego
2064 546 2369 631 tradam3

292 664 760 727 ceterumerS,
807 643 1173 711 immortali
1205 642 1497 709 mortale
1529 654 1925 723 attexentm,
1954 648 2114 734 fingi
2125 663 2187 713 te
2215 654 2369 718 ani-

289 753 544 817 mantia
574 763 644 815 et
673 760 983 837 generate
1021 745 1563 833 alimentumque
1594 748 1995 837 praebentes
2032 767 2272 839 augete
2299 766 2369 821 et

285 855 692 939 cousumpta
719 851 1004 939 recipite.

461 949 643 1022 Haec
674 957 872 1037 dixit,
917 965 983 1018 et
1017 952 1249 1018 rursus
1284 951 1355 1018 in
1384 950 1686 1043 priorem
1717 963 2085 1036 craterem,
2128 955 2198 1021 in
2224 979 2359 1044 quo

283 1056 575 1127 universi
626 1057 931 1123 animum
988 1066 1367 1142 temperans
1430 1058 1944 1144 permiscuerat‚
2002 1059 2368 1146 superioria

286 1161 754 1253 permixtionis
783 1158 1090 1246 reliquias
1115 1146 1365 1225 infudit
1395 1170 1774 1248 temperans
1806 1184 1916 1226 eas
1955 1161 2197 1227 eodem
2225 1161 2371 1227 fer-

285 1284 396 1332 me
426 1266 654 1344 modo,
680 1285 904 1350 neque
938 1273 1161 1326 tamen
1189 1262 1326 1327 iam
1354 1261 1773 1353 incorruptas
1800 1263 2070 1351 pariter,
2121 1265 2228 1329 sed
2264 1266 2372 1330 se·-

283 1369 532 1435 cundaa
562 1379 632 1431 et
660 1367 906 1431 tertias.
957 1364 1379 1429 universitate
1408 1377 1631 1432 autem
1671 1367 2022 1432 constituta
2039 1368 2371 1434 fideribua

282 1492 515 1559 parem
550 1488 919 1537 numerum
945 1463 1288 1530 distribuit
1314 1465 1703 1533 animorum
1737 1482 1800 1532 et
1833 1471 2119 1555 singulos
2145 1471 2369 1553 addu7

281 1572 383 1638 xit
416 1573 496 1636 ad
532 1570 793 1655 lingula
825 1580 894 1629 et
923 1566 1275 1653 imponens
1307 1570 1487 1653 quafi
1519 1571 1590 1634 in
1619 1591 1892 1636 currum
1923 1573 2207 1637 universi
2241 1597 2368 1638 na-

282 1687 511 1740 turam
558 1670 1095 1739 commonstravit
1150 1670 1464 1756 legesque
1511 1672 1604 1736 eis
1654 1672 1824 1737 dixit
1873 1673 2104 1740 fatales
2151 1678 2372 1742 osten-

282 1776 454 1841 dens
500 1786 724 1840 ortum
767 1773 1067 1860 primum
1109 1771 1258 1839 fore
1297 1776 1615 1839 statutum
1642 1797 1857 1839 unum
1892 1776 2239 1847 omnibus,
2285 1794 2373 1841 ne

282 1877 432 1963 quis
475 1877 804 1942 deteriore
847 1879 1005 1942 effet
1043 1877 1251 1955 statu,
1312 1876 1467 1940 satis
1516 1888 1743 1942 autem
1793 1888 1862 1941 et
1907 1879 2086 1961 quali
2141 1877 2370 1961 ffparfis

281 1979 529 2045 animis
566 1978 640 2044 in
676 1993 1068 2066 temporum
1116 1976 1553 2042 instrumenta
1611 1978 1854 2062 cuique
1893 1979 2370 2047 convenientia

248 2083 451 2147 -oriri
497 2082 752 2147 necess'e
774 2085 903 2145 effe
941 2079 1388 2145 animantium
1429 2080 2009 2166 religiofisfimum,
2055 2093 2123 2145 et
2156 2104 2368 2166 quum

283 2180 538 2270 duplex
581 2189 736 2251 effet
774 2179 1071 2245 humana
1110 2194 1387 2263 natura,
1450 2183 1882 2269 praestantius
1928 2180 2077 2249 fore
2123 2206 2367 2250 eorum

268 2309 491 2374 genus
543 2288 660 2372 qui
722 2283 989 2373 posthac
1052 2306 1307 2349 nomen
1368 2283 1715 2354 inventuri
1777 2291 1980 2353 essent
2039 2270 2366 2362 §sirm-um,

274 2412 493 2476 quum
534 2404 759 2457 autem
805 2387 1200 2475 corporibus
1251 2409 1409 2451 cum
1459 2390 1838 2452 necestitate
1885 2389 2049 2454 infimi
2089 2387 2370 2471 fuerint,

278 2493 491 2557 altero
535 2492 928 2571 accedente,
987 2491 1202 2554 altero
1258 2488 1572 2556 effluente
1625 2511 1710 2554 ex
1767 2511 2008 2554 eorum
2062 2512 2370 2577 corpore,

276 2594 587 2680 primum
636 2596 886 2658 neceffe
932 2591 1082 2655 fore
1140 2602 1216 2654 ut
1255 2591 1481 2656 sensus
1520 2613 1697 2655 unus
1737 2585 2056 2656 omnibus
2092 2615 2129 2656 e
2159 2594 2371 2659 vehe-

276 2695 734 2761 mentioribus
753 2692 1045 2758 motibus
1066 2705 1346 2758 naturae
1375 2691 1772 2773 coniunctae
1798 2694 2144 2771 exfisteret,
2169 2697 2369 2764 dein-

275 2797 366 2862 de
409 2785 872 2885 voluptate'et
916 2796 1151 2860 dolore
1191 2794 1446 2860 mixtus
1480 2815 1710 2879 amor,
1755 2796 1894 2882 post
1922 2809 2135 2862 metus
2162 2812 2220 2861 et
2264 2802 2366 2865 ira

278 2911 351 2965 et
385 2898 628 2985 reliqui
657 2898 871 2965 animi
902 2909 1133 2963 motus
1164 2899 1438 2964 comites
1470 2896 1893 2984 superiorum
1935 2901 2002 2965 e't
2031 2900 2132 2965 his
2162 2903 2364 2968 etiam

279 3003 612 3069 contrarie
643 3002 1057 3079 dislidentes,
1104 3023 1267 3086 quos
1298 2998 1412 3085 qui
1443 3002 1702 3068 ratione
1731 3002 2015 3080 rexerit,
2063 3027 2216 3082 eum
2250 3004 2369 3069 iu·-

276 3104 368 3168 ste
405 3107 531 3168 effe
565 3104 936 3178 victurum,
985 3104 1103 3188 qui
1132 3114 1359 3169 autem
1394 3102 1495 3167 his
1525 3104 1901 3184 sedederit,
1947 3105 2206 3171 iniuste.
2255 3115 2366 3182 atf-

272 3227 407 3291 que
438 3227 593 3270 eum
626 3206 954 3294 quixrecte
984 3216 1052 3269 et
1093 3206 1356 3297 honeste
1407 3205 1815 3273 curriculum
1858 3205 2127 3272 vivendi
2164 3229 2202 3269 a
2250 3227 2367 3269 na-

275 3318 436 3372 tura
482 3308 716 3373 datum
758 3308 1164 3385 confeciffet,
1227 3307 1460 3371 rursus
1509 3305 1576 3371 in
1634 3307 1782 3373 astri
1825 3331 2116 3396 quocum
2166 3318 2362 3390 aptus

273 3406 488 3476 fuerit
515 3408 929 3477 domicilium
961 3410 1333 3498 profectum
1348 3407 1555 3475 vitam
1590 3416 1714 3478 effe
1733 3412 1996 3476 beatam
2022 3419 2212 3472 actun
2220 3426 2358 3486 um,

274 3513 363 3576 ab
398 3510 528 3575 hoc
569 3525 797 3580 autem
842 3515 960 3599 qui
995 3512 1360 3578 deflexiffet
1401 3533 1555 3577 eum
1585 3516 1658 3602 in
1703 3511 2104 3606 muliebrem
2155 3517 2364 3569 natu.-

272 3635 425 3679 ram
480 3613 772 3679 secundo
817 3628 971 3679 ortu
1016 3614 1467 3698 translatum
1447 3616 1532 3681 lri
1562 3627 1659 3696 et,
1704 3618 1749 3680 fi
1776 3634 1862 3676 ne
1905 3622 2052 3672 tum
2086 3605 2362 3695 quidem

272 3716 482 3782 finem
539 3717 859 3782 vitiorum
903 3714 1205 3785 facturus
1245 3720 1435 3799 effet,
1481 3728 1687 3808 prout
1725 3722 2086 3797 corruptus
2113 3708 2359 3793 fuiffet,

272 3817 365 3883 ita
410 3820 494 3884 ad
547 3842 820 3900 morum
862 3819 1361 3886 fimilitudinem
1416 3821 1957 3907 ingene-ratarum
2007 3811 2076 3878 in
2119 3810 2361 3879 huius-

271 3922 463 4001 modi
486 3922 755 4016 semper
786 3922 1094 3992 serarum
1125 3935 1440 3993 naturam
1478 3922 1936 4004 migraturum
1978 3915 2140 4004 effe,
2183 3916 2360 3984 sese-

1795 4222 1937 4290 112
