2738 4600
1103 327 1111 336 '
1173 317 1633 387 CRITIAS·
2212 335 2215 338 ’
2301 341 2424 411 299

351 490 663 575 Euenor,
717 489 857 579 'qui
904 505 1192 560 uxorem
1237 488 1537 565 ‘habebat
1588 489 1970 578 Leucippen
1989 515 2012 574 3
2087 491 2424 562 Clitonem

349 591 617 659 unicam
658 592 868 661 filiam
912 604 1305 682 genuerant.
1364 613 1538 679 quae
1579 613 1791 677 quum
1833 593 1974 659 i'am
2014 594 2083 660 in
2123 607 2417 666 aetatem

349 696 626 762 veniffet
675 697 826 763 viro
871 710 1247 776 maturam,
1316 685 1567 761 mortui
1606 696 1759 761 funt
1811 706 2003 783 pater
2065 709 2135 763 et
2178 705 2422 781 mater,

346 785 703 898 Neptunus
737 823 904 866 vero
950 819 1185 866 amole
1221 809 1454 885 captus
1484 819 1639 862 cum
1671 820 1750 864 ea
1786 797 2113 866 concubat
2138 802 2420 869 collem-

343 922 483 985 que
513 899 587 965 in
616 922 753 988 quo
784 902 1123 969 habitabat
1151 902 1320 967 bene
1347 895 1722 966 communit
1751 912 1819 965 et
1847 900 2279 970 circumcirca
2305 904 2420 975 ab·

345 1025 386 1067 r
390 1003 629 1090 umpit,
664 1005 866 1070 malis
905 1016 969 1070 et
1001 1016 1220 1071 terrae
1233 989 1506 1069 alternis
1530 1000 1821 1068 minores
1841 1014 1909 1068 et
1925 1002 2145 1069 maim
2147 1025 2214 1069 es
2240 1005 2419 1072 inter

345 1104 417 1168 se
446 1102 736 1171 efficiens
763 1106 990 1183 orbeS,
1038 1107 1208 1171 duos
1240 1103 1514 1191 quidem
1545 1114 1802 1184 terrae,
1850 1104 2056 1171 maris
2087 1128 2250 1172 vero
2283 1119 2421 1172 tres

347 1208 527 1291 quasi
571 1217 849 1274 tornans
891 1230 928 1271 e
970 1201 1193 1273 media
1230 1206 1481 1286 insula,
1524 1206 1727 1294 plane
1769 1207 2141 1294 aequaliter
2162 1208 2419 1275 distan-

233 1337 240 1344 ’
337 1313 478 1390 tes,
521 1306 616 1372 ita
645 1321 724 1374 ut
762 1309 936 1373 adiri
960 1308 1045 1373 ab
1077 1306 1463 1373 hominibus
1495 1319 1635 1373 non
1667 1311 1893 1396 possit3
1927 1311 2199 1395 navigia
2231 1310 2415 1378 enim

341 1399 417 1473 et*
459 1410 797 1496 navigatio
840 1411 1145 1477 nondum
1182 1421 1346 1475 tuno
1377 1421 1587 1476 erant.
1640 1408 1781 1497 ipse
1829 1433 1991 1475 vero
2031 1411 2315 1478 iniulam
2342 1413 2418 1478 in

342 1515 566 1579 medio
598 1517 781 1580 fitam
813 1514 1072 1603 ‘quippe
1098 1512 1476 1580 deusnullo
1492 1510 1761 1597 negotio
1789 1509 2144 1599 disposuit,
2186 1514 2419 1606 dupli-

336 1637 487 1683 ‘cem
533 1640 773 1704 aquam
814 1629 1059 1683 eterra
1099 1616 1361 1681 sursum
1403 1612 1755 1680 fontanam
1797 1614 2082 1696 ducens,
2125 1615 2421 1684 calidam>

340 1742 585 1800 unam,
644 1721 927 1786 alteram
971 1716 1287 1804 frigidam
1343 1738 1382 1779 e
1418 1713 1607 1781 fonte
1655 1719 2418 1799 manantem,‘alimen-

341 1834 489 1886 tum
517 1821 784 1887 varium
817 1834 894 1885 et
913 1821 1087 1907 quod
1111 1818 1267 1884 satis
1293 1828 1437 1881 erat
1462 1840 1502 1880 e
1530 1829 1714 1884 terra
1742 1820 2116 1912 proferens·
2154 1818 2414 1886 libero-⁴·

338 1944 494 1989 rum
529 1934 757 1987 autem
790 1925 1247 1988 masculorum
1282 1918 1580 2007 quinque
1605 1932 1839 2009 partus
1857 1921 2156 2007 geminos
2179 1918 2414 2004 genuit

338 2035 407 2088 et
451 2024 799 2103 educavit,
847 2036 915 2088 et
955 2025 1241 2089 insulam
1289 2019 1705 2090 Atlantidem
1749 2023 2130 2100 universam
2174 2023 2410 2090 decem

333 2126 406 2192 in
441 2138 666 2214 partes
694 2147 905 2212 quum
936 2125 1257 2200 divisisset,
1277 2124 1518 2193 maiori
1545 2138 1711 2193 natu
1735 2137 2111 2193 maternam
2145 2124 2413 2192 habita-

332 2230 593 2295 tionem
643 2228 1026 2316 sortemque
1084 2250 1257 2316 quae
1300 2229 1555 2295 circum
1589 2240 1770 2310 erat,
1814 2229 2180 2294 maximam
2217 2226 2406 2292 illam

335 2332 607 2424 quidem
651 2343 717 2396 et
744 2332 1109 2420 optimam,
1148 2331 1393 2395 tribuit
1441 2343 1509 2395 et
1541 2350 1771 2418 regem
1811 2331 1998 2396 hunc
2033 2340 2406 2413 ceterorum

332 2434 674 2500 constituit
696 2447 1087 2518 ceterosque
1114 2431 1490 2520 praefectos
1503 2432 1537 2512 “,’
1572 2431 2006 2516 cuiquovero
2032 2430 2405 2518 imperium

328 2536 401 2601 in
442 2535 687 2599 multos
734 2535 1045 2599 homines
1094 2534 1523 2619 multumque
1575 2545 1798 2599 terrae
1844 2531 2049 2599 dedit.
2125 2531 2408 2596 nomina.

330 2660 598 2755 quoque
636 2636 945 2702 omnibus
976 2634 1326 2723 imposuit,
1328 2677 1331 2680 -
1373 2646 1441 2698 et
1456 2634 1764 2703 maximo
1809 2633 2079 2724 quidem
2128 2645 2291 2703 natu
2327 2656 2409 2700 ao

327 2741 470 2827 regi
536 2739 694 2817 hoo,
758 2761 797 2803 e
848 2758 985 2823 quo
1029 2748 1175 2803 tota
1211 2736 1429 2803 insula
1483 2748 1550 2800 et
1592 2758 1784 2802 mare
1826 2737 2175 2805 nominata
2228 2739 2403 2820 funt,

327 2840 688 2909 Atlantica
699 2839 875 2908 dicta
913 2850 1274 2929 propterea
1305 2838 1487 2926 quod
1539 2862 1784 2905 nomen
1830 2830 1972 2906 erat
1996 2840 2226 2937 primo
2255 2849 2405 2906 tum

325 2944 636 3032 regnanti
687 2944 905 3018 Atlas;
955 2955 1024 3006 et
1066 2942 1336 3028 gemino
1379 2944 1520 3031 post
1559 2943 1751 3009 illum
1790 2954 1948 3008 nato
1989 2942 2106 3028 qui
2150 2930 2400 3013 sortem

323 3058 671 3111 extremae
701 3046 951 3112 insulae
985 3044 1068 3110 ad
1102 3047 1454 3112 columnas
1482 3045 1787 3111 Herc-ulis
1818 3045 2103 3133 adeptus
2155 3067 2228 3109 el
2230 3055 2299 3108 at
2330 3044 2404 3109 in

325 3150 605 3236 regione
635 3170 810 3233 quae
835 3170 1018 3213 nnnc
1048 3169 1133 3212 ex
1161 3148 1277 3212 ino
1302 3144 1637 3213 Gaditana
1662 3146 2003 3211 nominata
2035 3149 2156 3218 est,
2199 3165 2401 3230 grae-

313 3260 482 3319 ‘oum
512 3271 761 3313 nomen
788 3248 1078 3325 Eumelo
1104 3240 1307 3326 dedit,
1336 3257 1401 3310 et
1427 3249 1856 3314 vernaculum
1889 3248 2142 3316 Gadiro
2153 3271 2174 3323 3
2211 3247 2401 3334 quod.

325 3350 599 3436 quidem
662 3371 914 3414 nomen
967 3347 1492 3437 appellationem
1543 3346 1641 3413 ini
1670 3349 2016 3437 praebuit.
2103 3349 2396 3415 secundo

321 3464 528 3542 partu
570 3450 909 3516 editorum
951 3472 1168 3521 unum
1199 3449 1651 3537 Ampherem,
1695 3454 1980 3519 alterurn
2002 3451 2397 3531 Eudaemo-

320 3577 482 3621 nem
514 3550 816 3624 voeavitz
858 3555 1052 3618 tertio
1080 3563 1281 3640 partu
1313 3552 1650 3620 editorum
1681 3553 2008 3625 maiorem
2028 3565 2188 3619 natu
2208 3555 2396 3620 Mne·

319 3659 508 3726 seum
544 3654 948 3732 nominavit,
994 3655 1327 3725 minorem
1362 3652 1947 3737 Autochthonem3
1992 3666 2391 3746 quartorum
