2738 4600
1079 289 1588 361 TIMAEUS.
2185 297 2192 302 ’
2248 294 2374 383 169

290 465 495 536 :initio
510 461 932 551 insipiens-est
959 460 1247 545 animus,
1265 442 1475 549 quum
1496 464 1570 528 in
1597 452 1840 552 corpus
1874 463 2169 549 illigatur
2184 487 2374 530 mor-

301 572 474 649 tale-3
517 566 787 653 quando
833 588 996 630 vero
1033 564 1439 634 incrementi
1482 578 1549 633 et
1596 567 1895 631 alimenti
1925 567 2148 634 minor
2178 590 2374 660 acce,-

302 673 399 737 dit
441 668 661 748 fluxio
694 668 1061 753 rursusque
1093 668 1413 734 circuitus
1461 669 2006 753 tranquillitatem
2047 671 2228 737 nacti
2257 675 2376 739 sua

257 860 260 865 ,
299 773 411 839 via
444 760 614 838 eunt
649 782 717 835 et
741 769 1175 835 restituuntur
1203 771 1411 858 magis
1445 760 1847 861 procedente
1875 780 2201 857 tempore,
2224 787 2374 839 tum

282 875 438 942 ⁸iam
471 874 556 938 ad
589 876 963 939 naturalem
992 873 1546 971 pervenientibus
1586 872 2191 939 habiturnorbibus
2220 874 2376 960 qui-
2490 921 2496 931 .

297 978 558 1061 busque
594 975 912 1040 circuitus
954 975 1221 1051 directi,
1275 976 1569 1041 alterum
1615 990 1680 1039 et
1720 974 1900 1039 idem
1931 987 2111 1040 recte
2141 978 2376 1063 appel-

302 1082 518 1146 lantes
538 1125 556 1158 ,
599 1076 838 1142 mentis
869 1090 1244 1164 compotem
1282 1101 1434 1142 eum
1465 1078 1578 1163 qui
1610 1079 1785 1166 ipsos
1819 1076 2025 1143 babet
2055 1075 2376 1148 efficiunt.

293 1184 437 1254 ‚iam
471 1182 516 1245 fi
542 1202 742 1268 opem
789 1180 992 1245 etiam
1025 1182 1253 1249 tulerit
1294 1192 1480 1246 recte
1507 1172 1799 1248 instituta
1831 1181 1909 1244 ed
1922 1180 2162 1253 acatio,
2193 1179 2376 1244 inte-

294 1308 424 1373 ger
466 1285 801 1368 {anusque
846 1286 1150 1368 prorsus,
1192 1288 1493 1348 maximo
1521 1285 1769 1348 evitato
1797 1283 2074 1357 morb0‚
2120 1283 2375 1364 exstitit,

295 1387 474 1453 hanc
499 1408 667 1450 vero
709 1385 753 1447 fi
786 1384 1177 1469 neglexerit,
1234 1408 1471 1450 manca
1511 1386 1816 1451 traducta
1858 1386 2013 1457 vita,
2049 1383 2378 1471 imperfe-

292 1503 447 1556 ctus
502 1490 586 1554 ad
631 1485 886 1549 inferos
935 1487 1164 1551 rursus
1216 1488 1588 1554 discesserit.-
1694 1496 1894 1571 atque
1946 1487 2060 1552 illa
2100 1485 2378 1571 quidem
2469 1508 2480 1535 i

295 1589 623 1680 posterius
666 1587 1023 1671 aliquando
1058 1587 1253 1667 fient3
1297 1591 1381 1654 de
1410 1591 1516 1654 his
1541 1599 1764 1653 autem
1799 1610 1973 1673 quae
2003 1612 2181 1653 nunc
2209 1612 2381 1678 pro-

296 1695 509 1781 posita
539 1692 694 1754 sunt
726 1689 970 1775 exponi
1005 1703 1272 1777 oportet
1297 1692 1673 1757 accuratius
1691 1717 1713 1772 3
1762 1703 1997 1755 etante
2017 1693 2101 1754 de
2130 1714 2381 1777 corpo-

299 1797 398 1861 ris
443 1793 739 1881 partium
778 1802 934 1854 ortu
995 1803 1063 1855 et
1088 1792 1170 1856 de
1197 1795 1458 1874 animo,
1501 1794 1740 1878 quibus
1772 1794 1856 1857 de
1884 1794 2085 1858 caulis
2117 1803 2187 1856 et
2212 1814 2382 1878 qua-

298 1920 462 1965 nam
502 1896 782 1958 deorum
830 1894 1252 1981 providentia
1278 1896 1457 1961 facta
1499 1899 1659 1976 fint,
1702 1898 1796 1960 ita
1826 1908 1893 1960 et
1925 1895 1997 1958 in
2030 1916 2183 1959 eam
2219 1916 2381 1981 par·-

301 2012 445 2065 tem
479 1996 958 2073 disserendum,
1003 2008 1081 2060 ut
1113 1997 1261 2061 veri
1294 1998 1702 2064 simillimum
1735 2000 2113 2082 sequamur.

475 2101 577 2164 Ac
637 2098 901 2164 divinos
958 2098 1235 2182 quidem
1276 2100 1592 2165 circuitus
1635 2101 1748 2187 qui
1794 2101 1932 2164 duo
1972 2102 2178 2178 sunt„
2220 2097 2381 2163 uni-

206 2231 217 2239 ’
300 2205 478 2272 verfi
517 2201 809 2288 figuram
853 2202 1190 2265 imitantes
1234 2202 1605 2289 globosam,
1648 2202 1720 2266 in
1759 2223 2002 2289 corpus
2037 2199 2383 2265 orbicula-

302 2321 451 2390 tum
488 2306 857 2391 illigarunt,
898 2303 964 2367 id
1009 2304 1186 2389 quod
1224 2327 1405 2369 nunc
1431 2319 1634 2394 caput
1680 2305 2141 2378 nominamus,
2200 2303 2383 2388 quod

306 2410 579 2496 quidem
615 2406 1093 2470 divinissimum
1129 2404 1216 2467 est
1241 2404 1682 2489 omniumque
1717 2426 1888 2489 quae
1918 2405 1989 2472 in
2019 2404 2207 2468 nobis
2228 2405 2385 2467 sunt

294 2512 712 2579 dominator.
761 2507 922 2574 huic
951 2506 1153 2571 etiam
1190 2518 1401 2574 totum
1432 2529 1679 2596 corpus
1706 2504 2133 2570 tradiderunt
2163 2504 2386 2571 admi-

307 2614 611 2681 niculum
644 2610 706 2675 ei
735 2620 1207 2673 coacervantes
1233 2608 1347 2690 dii,
1377 2609 1824 2693 intelligentes
1845 2608 2152 2673 omnium
2182 2620 2386 2693 quot-

308 2726 478 2803 quot
507 2711 720 2777 futuri
750 2714 954 2775 effent
987 2722 1297 2774 motuum
1326 2708 1496 2773 illud
1526 2709 1674 2774 fore
1698 2732 2011 2798 compos3
2054 2734 2141 2776 ne
2169 2711 2385 2796 igitur

307 2807 520 2906 quum
564 2815 766 2901 super
806 2823 1057 2877 terram
1090 2811 1485 2876 volveretur
1533 2812 1904 2878 eminentia
1944 2826 2010 2878 et
2043 2813 2388 2902 profunda.

307 2920 674 2986 habentem
723 2914 910 2979 varia
955 2912 1291 2978 laboraret
1333 2914 1677 2999 quomodo
1720 2915 1835 2979 illa
1879 2916 2387 3001 transgredere-

309 3035 448 3100 tur,
494 3019 651 3085 hinc
684 3041 850 3083 vero
882 3018 1341 3102 egrederetur,
1382 3016 1768 3082 vehiculum
1787 3017 1851 3081 ei
1875 3017 2003 3083 hoc
2034 3030 2235 3105 atque
2267 3041 2388 3083 co-

309 3123 493 3213 piam
544 3120 895 3217 dederunt.
966 3119 1278 3206 quocirca
1317 3119 1793 3206 proceritatem
1838 3142 2085 3206 corpus
2114 3133 2388 3186 nactum

314 3228 404 3291 est
434 3235 498 3289 et
541 3223 807 3288 extensa
853 3222 1164 3288 membra
1208 3233 1410 3305 atque
1448 3219 1769 3287 flexibilia
1796 3222 2146 3310 generavit
2189 3233 2391 3308 quat-

240 3397 247 3404 ,
314 3338 508 3406 tuor,
570 3324 692 3389 deo
754 3324 1188 3390 machinante
1249 3323 1594 3402 vehicula,
1652 3343 1826 3408 quae
1883 3323 2389 3410 apprehendens

317 3427 694 3517 quibusque
734 3426 1025 3492 innitens
1064 3449 1187 3513 per
1219 3427 1447 3491 omnia
1474 3426 1624 3491 loca
1651 3424 1978 3514 proficisci
2015 3427 2240 3510 posset,
2283 3420 2391 3485 di-

316 3529 689 3597 vinissimae
717 3541 784 3593 et
815 3528 1240 3594 sanctissimae
1271 3526 1471 3593 nostri
1503 3526 1711 3617 partis
1740 3523 2154 3591 domicilium
2190 3525 2391 3609 supra

318 3632 571 3698 ferens.
649 3653 864 3697 crura*
891 3631 1099 3718 igitur
1146 3643 1213 3696 et
1254 3654 1496 3700 manus
1539 3632 1636 3695 ita
1674 3641 1739 3693 et
1782 3629 1956 3692 hanc
1998 3626 2083 3690 ob
2129 3625 2393 3691 causam

202 3768 207 3773 ·
318 3735 638 3803 omnibus
677 3732 922 3801 adnata
947 3737 1137 3812 sunt3
1181 3734 1546 3822 posteriore
1568 3753 1731 3799 vero
1760 3742 1957 3821 parte
1984 3727 2391 3797 anteriorem
