2738 4600
1117 343 1612 412 TIMAEUS.
2276 338 2402 405 265

250 591 262 603 ,
308 509 709 588 moveretur
750 516 1002 602 vixque
1048 515 1677 595 convertereturin
1724 514 1936 580 venis.
1994 515 2171 580 hane
2195 510 2401 600 igitur
2478 507 2483 510 ’

306 627 696 713 potestatem
726 619 938 684 fibrae
967 628 1244 684 naturae
1275 623 1698 694 conservant,
1730 641 1893 703 quas
1922 620 1968 683 fi
1992 618 2163 706 quis,
2196 616 2398 682 etiam

308 743 620 794 emortum
669 728 993 810 sanguine
1033 733 1230 807 atque
1276 721 1716 809 refrigerato,
1788 720 1964 786 inter
2009 722 2078 784 se
2108 719 2396 805 colligat,

304 832 608 917 reliquus
638 826 855 893 omnis
887 823 1148 910 sanguis
1180 823 1613 906 diffunditur,
1674 823 1899 890 missae
1944 833 2171 887 autem
2216 822 2396 900 cele-

304 932 477 996 riter
528 953 682 994 eum
732 950 884 993 cum
923 924 1179 1013 frigore
1241 927 1653 998 circumfuso
1697 923 2162 1011 compingunt.
2216 923 2395 989 hanc

303 1032 514 1121 igitur
543 1032 680 1096 vim
705 1051 916 1115 quum
957 1027 1170 1100 fibrae
1204 1029 1499 1096 habeant
1524 1031 1597 1095 in
1621 1028 1980 1115 sanguine,
2027 1026 2176 1090 bilis
2220 1047 2393 1111 quae

304 1134 870 1213 naturavetustus
897 1129 1166 1218 sanguis
1197 1133 1332 1198 fuit
1361 1135 1729 1220 rursusque
1755 1155 1792 1196 e
1815 1129 2131 1196 carnibus
2158 1128 2230 1192 in
2266 1127 2393 1191 hoc

302 1223 573 1320 liquata*
612 1237 737 1306 est,
785 1233 1001 1300 calida
1031 1245 1100 1297 et
1140 1233 1428 1299 humida
1470 1234 1820 1322 paullatim
1868 1232 2170 1321 primum
2218 1229 2394 1312 inci-

304 1338 466 1402 dens
494 1335 955 1423 compingitur
978 1332 1305 1400 fibrarum
1329 1335 1397 1399 vi
1422 1340 1805 1423 compreffa,
1838 1345 2193 1423 compacta
2222 1354 2390 1396 vero
2460 1385 2465 1390 .

304 1452 371 1504 et
416 1439 486 1505 vi
550 1439 908 1504 exstinctam
935 1436 1307 1523 procellam
1349 1450 1418 1503 et
1462 1450 1833 1503 tremorem
1889 1437 2073 1501 intus
2118 1435 2390 1528 excitat.

300 1541 577 1607 uberior
602 1549 831 1604 autem
872 1560 1080 1625 quum
1112 1539 1360 1618 affluit,
1405 1541 1688 1630 proprio
1726 1543 1845 1604 suo
1874 1541 2091 1605 calore
2121 1542 2392 1625 superat

300 1644 509 1711 fibras
529 1640 858 1705 ebulliens
880 1641 1059 1704 etita
1089 1641 1394 1720 concutit
1420 1654 1497 1706 ut
1522 1642 2029 1732 perturbentur,
2058 1652 2126 1705 et
2154 1645 2197 1705 fi
2231 1664 2391 1729 per-

301 1750 514 1834 petuo
551 1741 844 1829 potuerit
888 1746 1240 1832 superare,
1283 1744 1365 1811 ad
1408 1745 1747 1821 ⁴medullae
1789 1756 2151 1831 penetrans
2179 1765 2394 1829 genus

302 1846 570 1913 urendo
592 1845 791 1910 solvit
815 1846 970 1911 inde
994 1848 1208 1913 animi
1235 1860 1587 1931 tamquam
1621 1847 1818 1911 navis
1844 1846 2043 1910 iunes
2068 1845 2390 1910 liberum-

305 1974 439 2039 que
471 1947 716 2021 mittit,
777 1946 999 2018 minus
1038 1961 1270 2015 autem
1316 1970 1531 2035 quum
1576 1949 1843 2036 copiosa
1886 1950 1974 2012 est
2013 1970 2393 2036 corpusque

303 2053 529 2121 refistit
560 2073 649 2115 ne
687 2050 1023 2136 liquetur,
1066 2051 1207 2138 ipsa
1242 2053 1551 2139 sup-,erata
1579 2063 1700 2115 aut
1723 2073 1849 2138 per
1890 2063 2113 2116 totum
2143 2047 2390 2137 corpus

305 2152 707 2240 expellitur,
769 2164 887 2217 aut
926 2175 1048 2240 per
1094 2176 1297 2220 venas
1357 2155 1430 2219 in
1470 2165 1782 2220 ventrem
1826 2152 2230 2218 inferiorem
2282 2154 2390 2217 vel

302 2253 726 2345 superiorem
776 2255 1125 2345 contrusa,
1184 2267 1536 2344 tamquam
1589 2257 1778 2324 exsul
1816 2279 1855 2322 e
1897 2256 2166 2323 civitate
2210 2256 2389 2322 sedi-

301 2361 467 2426 tiosa
507 2380 556 2431 e
604 2379 888 2447 corpore
927 2357 1176 2438 eiecta,
1236 2360 1619 2448 profluvia,
1678 2360 1891 2444 malos
1927 2360 2389 2426 intestinorum

301 2462 573 2528 habitus
602 2481 976 2545 omnesque
1017 2460 1417 2547 huiusmodi
1458 2462 1737 2528 morbos
1754 2461 1997 2542 infert.
2054 2475 2120 2527 et
2147 2485 2390 2550 corpus

307 2562 581 2649 quidem
609 2581 700 2626 ex
726 2563 882 2647 igne
908 2558 1121 2626 nimio
1162 2563 1462 2628 maxime
1493 2568 1844 2648 aegrotans
1875 2564 2227 2630 continuos
2269 2585 2390 2628 ca-·

305 2668 485 2730 lores
531 2673 600 2725 et
631 2661 854 2726 febres
883 2662 1220 2744 exhibet,
1233 2685 1347 2729 ex
1378 2664 1535 2747 aere
1566 2664 1779 2729 nimio
1824 2681 2180 2752 aegrotans
2214 2690 2391 2755 quo-

305 2750 626 2844 tidianas,
674 2786 759 2828 ex
793 2784 967 2877 aqua
1001 2763 1354 2853 tertianas,
1401 2777 1684 2855 propter
1687 2790 1763 2834 ea
1796 2769 1978 2856 quod
2008 2770 2270 2859 segnior
2303 2771 2392 2835 est

249 2936 258 2945 ,
305 2869 463 2936 aere
492 2880 560 2933 et
587 2864 777 2953 igne-3
827 2887 865 2928 e
905 2879 1090 2931 terra
1116 2889 1283 2941 vero
1326 2871 1375 2932 fi
1417 2882 1754 2958 aegrotat,
1800 2884 1974 2958 quae
2005 2873 2389 2960 quadruplo

301 2972 570 3059 segnior
612 2971 701 3034 est
728 2967 897 3046 illis,
943 2967 1014 3033 in
1043 2937 1594 3058 quadruplicibus
1642 2974 1969 3063 temporis
2001 2974 2390 3043 circuitibus

302 3071 753 3162 prosternitur
782 3069 1144 3168 febresque
1173 3070 1395 3160 efficit·
1419 3088 1777 3163 quartanas
1802 3101 1844 3144 a
1879 3077 2121 3166 quibus
2153 3079 2271 3145 vix
2298 3076 2392 3141 li-

305 3178 602 3245 beratur.

476 3379 566 3444 Et
595 3376 900 3465 corporis
930 3379 1207 3465 quidem
1240 3382 1464 3447 morbi
1496 3382 1596 3449 ‘ita
1625 3374 1836 3452 [olent
1867 3386 2199 3464 accidere,
2243 3380 2397 3446 ani-

307 3480 409 3549 mi
441 3502 602 3546 vero
640 3502 675 3542 e
708 3483 1008 3568 corporis
1043 3483 1277 3562 habitu
1320 3487 1405 3549 fic
1434 3489 1764 3553 exfistunt.
1822 3488 2154 3554 morbum⁴
2183 3484 2396 3571 igitur

310 3581 524 3650 animi
553 3581 960 3677 dementiam
991 3591 1115 3651 effe
1161 3577 1553 3669 fatendum,
1595 3591 1730 3654 duo
1754 3602 1983 3656 autem
2015 3587 2399 3673 dementiae

310 3707 595 3776 genera,
648 3684 977 3751 insaniam
1023 3710 1271 3768 unum,
1336 3690 1629 3756 alterum
1680 3691 2148 3780 insipientiam.
2227 3710 2399 3774 quo-

313 3788 823 3873 modocumque
865 3787 1072 3874 igitur
1117 3789 1451 3877 quispiam
1491 3793 1765 3879 affectus
1794 3796 2201 3861 alterutrum
2246 3792 2406 3859 illo-

317 3913 471 3959 rum
498 3890 737 3968 habet,
782 3889 1060 3954 morbus
1101 3890 1269 3957 haec
1298 3892 1563 3959 affectio
1608 3898 2025 3984 appellanda.
2087 3897 2406 3985 volupta-

320 4007 624 4059 tes-vero
672 4002 737 4055 et
776 3992 1040 4057 dolores
1089 3993 1396 4059 effrenati
1436 3997 1718 4061 maximi
1766 3999 1977 4067 animi
2013 3999 2231 4064 morbi
2281 4022 2409 4087 po-

319 4096 561 4170 nendi3
630 4095 838 4191 homo
875 4094 1058 4160 enim
1108 4096 1360 4163 laetitia
1404 4098 1736 4165 exsultans
1784 4104 1887 4168 vel
1936 4104 2141 4171 etiam
2184 4112 2412 4166 contra
