2738 4600
1054 331 1557 409 TIMAEUS.
2219 333 2335 402 181

250 526 396 595 que
422 511 577 589 effe,
622 527 755 572 uon
782 503 967 570 aliud
999 528 1140 602 pro
1160 463 1346 570 certo
1375 505 1523 588 quis
1550 506 1988 572 affirmaverit
2028 508 2161 571 fine
2199 530 2342 595 pu-

257 610 461 675 dore.
450 620 468 655 θ
495 599 635 672 ἧόιί
661 631 797 672 non
829 609 1067 696 potest,
1100 608 1211 672 sed
1241 609 1629 675 tutisfimum
1659 610 1852 695 longe
1869 610 1952 675 de
1967 609 2066 673 his
2097 608 2187 674 ita
2211 612 2337 675 sta-

254 723 450 776 tuele
482 722 551 775 et
587 711 850 796 dicere,
893 722 971 774 ut
1001 712 1257 796 semper
1304 711 1482 800 quod
1529 733 1884 780 cernamus
1935 713 2094 776 alias
2141 713 2338 777 aliter

250 813 435 892 fieri,
478 825 561 877 ut
587 803 851 906 ignegn,
899 835 1035 879 non
1065 813 1195 877 hoc
1221 814 1651 896 nominemus
1670 864 1698 893 ,‚
1735 813 1849 877 sed
1890 814 2022 878 tale
2051 817 2334 903 semper,

250 912 482 1003 ignem
502 966 521 996 ,
566 938 783 1000 neque
812 936 1060 999 aquam
1087 914 1263 980 hanc
1293 913 1622 992 dicamus»,
1672 916 1781 982 sed
1812 917 2015 986 talem
2047 919 2332 1004 semper,

248 1039 479 1108 neque
544 1016 784 1103 aliquid
879 1016 1064 1080 aliud
1136 1029 1483 1102 tamquam
1551 1015 1964 1083 stabilitatem
2036 1019 2332 1105 aliquam

247 1119 505 1185 habens
548 1143 631 1184 ex
679 1120 761 1184 iis
794 1140 963 1203 quae
1009 1118 1379 1188 indicantes
1424 1141 1547 1184 nos
1590 1117 2074 1185 vocabulorum
2105 1122 2231 1188 hoc
2266 1132 2335 1186 et

244 1219 429 1310 {stud
464 1222 590 1287 usu
639 1220 1001 1307 significare
1052 1221 1303 1306 aliquid
1352 1221 1798 1300 arbitramur3
1865 1221 2100 1309 effugit
2142 1223 2330 1306 enim

241 1346 386 1414 non
428 1346 710 1389 manens
748 1322 1073 1389 diction-es
1130 1322 1252 1389 hoc
1295 1334 1364 1387 et
1407 1324 1610 1389 lunius
1654 1336 1719 1388 et
1764 1323 1922 1391 lmic
1959 1348 2329 1410 omnesque

242 1424 419 1514 qiiae
436 1439 524 1492 ut
550 1426 801 1492 stabilia
846 1426 959 1491 illa
994 1424 1396 1512 fignificant3
1439 1437 1508 1490 at
1548 1424 1714 1491 haec
1744 1427 2019 1512 quidem
2043 1448 2047 1452 “
2069 1430 2329 1513 lingula

143 1553 152 1564 ²
238 1551 382 1593 non
438 1539 704 1614 oportet
745 1526 910 1606 dici,
982 1528 1088 1591 fed
1137 1529 1269 1592 tale
1315 1530 1577 1617 semper
1621 1530 1797 1614 quod
1862 1529 1998 1595 huc
2043 1543 2108 1595 et
2152 1530 2326 1598 -illuc

234 1629 502 1696 feratur
530 1629 735 1694 fimile
761 1628 839 1694 in
862 1628 1123 1716 singulis
1152 1643 1217 1695 et
1244 1630 1562 1698 universis
1590 1633 1947 1717 usurpari3
1976 1645 2178 1717 atque
2216 1644 2326 1696 et-

232 1731 378 1796 iam
412 1731 636 1815 ignem
683 1754 1164 1819 usquequaque
1192 1732 1434 1812 talem,
1468 1733 1830 1818 omniaque
1860 1756 2327 1820 quaecumque

234 1848 471 1902 ortum
501 1834 771 1899 habent.
814 1835 889 1901 in
919 1856 1056 1920 quo
1087 1846 1313 1901 autem
1360 1855 1667 1919 quaeque
1707 1856 1942 1899 eorum
1983 1834 2353 1902 nascentia>

233 1940 374 2003 sese
422 1937 745 2002 exhibent
797 1935 1399 2022 rursusque.istinc
1440 1936 1868 2014 evanescunt,
1925 1936 2054 2000 hoc
2105 1937 2322 2009 solum

233 2039 670 2106 afficiendum
709 2040 800 2104 est,
826 2037 1212 2116 nominibus
1245 2036 1368 2103 hoc
1408 2049 1473 2101 et
1504 2033 1721 2123 zstud.
1760 2040 1947 2121 quod.
1979 2061 2153 2103 vero.
2189 2039 2323 2102 tale

232 2144 399 2229 quid
427 2142 914 2227 qualecumque
935 2142 1040 2219 est,
1057 2140 1338 2206 calidum
1361 2129 1471 2205 vel
1498 2140 1726 2204 album
1746 2140 2318 2224 velquidviscon-

231 2245 599 2312 trariorum
638 2243 996 2329 omniaque
1024 2263 1488 2329 quaecumque
1511 2266 1594 2307 ex
1638 2242 1743 2307 his
1770 2241 2310 2330 proficiscuntur,

230 2348 483 2413 horum
527 2344 694 2410 nihil
726 2345 822 2409 ita
866 2346 1369 2432 appellandum.
1427 2345 1630 2411 etiam
1676 2344 2028 2410 dilucidius
2069 2345 2315 2433 dehoc

232 2447 612 2514 conandum
643 2440 727 2511 est
751 2470 1109 2534 exponere.
1154 2451 1200 2513 fi
1225 2449 1392 2534 quie⁴
1412 2436 1595 2513 ehim
1627 2445 2131 2531 omneslingens
2165 2446 2316 2515 for—

229 2572 379 2618 mas
407 2572 497 2614 ex
529 2572 695 2614 auro
755 2551 926 2615 nihil
963 2551 1212 2617 definat
1240 2573 1581 2636 quamque
1610 2548 1681 2613 in
1715 2570 1950 2612 omnes
1982 2548 2315 2627 transfor-3

226 2674 456 2732 mare,
520 2662 585 2714 et
624 2653 919 2717 ostendat
966 2652 1201 2738 aliquis
1257 2675 1471 2717 unam
1528 2674 1765 2719 earum
1806 2650 2315 2737 interrogetque

229 2753 395 2842 quid
425 2752 695 2818 tandem
728 2758 841 2830 fit,
883 2755 1079 2839 longe
1122 2754 1214 2818 ad
1244 2753 1602 2819 veritatem
1648 2752 2047 2823 tutisfimum
2087 2755 2160 2818 fit
2199 2753 2310 2824 di-

230 2881 417 2937 cere,
449 2878 696 2921 aurum
729 2862 854 2924 effe
872 2905 891 2938 ‚
922 2856 1339 2940 triangulum
1367 2879 1533 2922 vero
1562 2868 1629 2922 et
1652 2878 2112 2943 quaecumque
2137 2857 2309 2922 aliae

227 2959 493 3026 formae
522 2959 822 3036 inerant,
871 2982 1244 3046 numquam
1272 2960 1496 3025 dicere
1537 2959 1655 3025 has
1685 2983 1846 3025 vere
1873 2965 2021 3045 effe,
2049 2958 2306 3046 quippe

227 3083 401 3148 quae
433 3060 597 3125 dum
643 3077 984 3150 ponantur
1016 3074 1410 3143 mutentur,
1449 3064 1554 3128 sed
1574 3110 1594 3144 ‚
1638 3064 1686 3127 fi
1710 3063 1838 3128 hoe
1865 3086 2022 3147 cum
2049 3061 2304 3139 securi-

224 3175 365 3229 tate
428 3163 590 3228 velit
623 3164 919 3248 accipere
946 3214 966 3246 ‚
1044 3160 1482 3252 acquiescere.
1544 3166 1780 3231 eadem
1823 3166 2031 3251 igitur
2083 3164 2300 3228 oratio

224 3267 606 3353 usurpanda
637 3269 724 3332 est
764 3266 972 3333 etiam
999 3265 1083 3332 de
1128 3279 1371 3332 natura
1405 3267 1635 3333 omnia
1659 3264 2024 3356 recipiente
2056 3287 2172 3331 coi
2174 3288 2300 3351 po.-

224 3392 337 3471 Υει5
384 3366 615 3432 eadem
649 3371 912 3456 semper
933 3369 1362 3456 appellanda;
1411 3393 1447 3434 e
1492 3372 1608 3437 sua
1643 3372 1825 3435 enim
1851 3369 1993 3456 ipsa
2038 3365 2107 3429 vi
2142 3387 2295 3431 om-

224 3473 391 3534 nino
406 3491 540 3532 non
560 3471 838 3551 excedit.
869 3471 1113 3537 etenim
1133 3471 1374 3559 recipit
1396 3474 1660 3560 semper
1678 3470 1924 3549 omnia,
1941 3490 2067 3532 nec
2081 3466 2297 3531 ullam

222 3593 549 3657 umquam
574 3571 770 3634 alicui
806 3594 1038 3639 eorum
1068 3595 1235 3660 quae
1267 3574 1525 3642 intrant
1552 3573 1831 3642 similem
1857 3569 2161 3639 formam
2183 3567 2296 3632 ul-

222 3675 285 3740 lo
342 3674 549 3740 modo
597 3672 807 3760 capim
856 3677 1103 3740 etenim
1135 3684 1216 3741 ut
1255 3674 1545 3742 materia
1577 3698 1664 3740 ex
1690 3694 1825 3757 q-ua
1855 3672 2134 3743 formae*
2166 3690 2294 3732 ex·-

219 3765 614 3864 primuntur
649 3788 889 3841 natura
937 3779 1249 3843 omnibus
1291 3780 1624 3867 propos-ita
1661 3777 1777 3853 est,
1824 3774 2068 3862 agitata
2108 3784 2175 3836 et
2203 3770 2292 3836 fi-

218 3869 587 3963 gurata'ab
635 3880 729 3943 eis
774 3881 1290 3973 quaejntrant3
1336 3892 1406 3944 et
1449 3878 1722 3970 videtur,
1756 3899 1877 3966 per
1919 3876 2084 3943 haec
2129 3872 2291 3945 alias

220 3980 386 4060 alia3
432 4004 507 4045 ea
545 4004 706 4048 vero
734 4004 905 4068 quae
949 3984 1422 4069 ingrediuntur
1477 3993 1542 4044 et
1582 3980 2011 4064 egrediuntur
2049 4001 2287 4046 eorum

219 4103 385 4171 quae
426 4087 688 4175 semper
720 4087 976 4156 exstant
1017 4085 1363 4153 simulacra
1411 4084 1602 4162 sunt,
1646 4080 1806 4165 ficta
1845 4084 1930 4152 ab
1963 4083 2054 4151 eis
2080 4080 2287 4150 modo
