2738 4600
1195 323 1658 398 CRITIAS.
2345 315 2492 400 525.
2534 347 2540 354 ·

394 498 549 565 dem
588 496 830 565 bellica
872 497 1103 587 regiae
1150 498 1443 568 civitatis
1475 498 1570 566 ita
1612 510 1760 568 erat
1796 495 2178 579 constituta,
2221 517 2471 565 novem

392 624 563 670 vero
590 604 1014 688 reliquarum
1063 600 1466 684 aliaaliter,
1509 604 1596 669 de
1626 625 1764 692 qua
1789 601 2071 690 longum
2100 602 2188 666 est
2221 601 2471 666 dicere.

390 705 812 792 Magistratus
838 717 1069 772 autem
1103 715 1170 771 et
1196 706 1483 774 honores
1513 707 1598 771 fic
1638 715 1832 773 erant
1868 705 1956 772 ab
1989 697 2186 788 inifio
2229 701 2473 775 consti-2·

390 808 540 875 tuti.
603 808 841 874 decem
871 794 1111 893 regum
1152 808 1619 897 unusquisque
1646 832 1774 898 pro
1806 807 1984 875 virili
2016 818 2212 894 parte
2250 804 2326 872 in
2369 801 2485 872 ci-‘
2506 827 2543 862 ι

299 904 304 908 ’
389 911 596 977 vitate
619 912 736 976 sua
766 909 925 975 viris
956 909 1408 998 plurimisque
1435 911 1693 999 legibus
1723 905 2236 984 moderabatur,
2281 903 2473 974 easti-

390 1036 557 1101 gans
600 1024 679 1077 et
719 1010 1125 1078 interficiens
1166 1033 1375 1100 quem
1414 1001 1666 1090 &velletz
1711 1023 2033 1080 mutuum
2079 1031 2250 1078 vero
2291 1011 2473 1078 inter·
2508 1077 2539 1098 ἢ,

389 1117 565 1205 ipsos
596 1115 967 1208 imperium
996 1125 1065 1179 ct
1082 1113 1539 1184 communitas
1562 1117 1923 1183 secundum
1939 1113 2237 1203 Neptuni
2268 1136 2471 1180 man-

393 1218 549 1284 data
575 1227 767 1285 erant
796 1216 1151 1286 constituta
1166 1266 1187 1300 ,
1231 1239 1406 1305 quae
1433 1219 1549 1285 lex
1570 1218 1662 1284 eis
1705 1230 1770 1284 et
1810 1218 2073 1294 litterae
2105 1216 2470 1286 tradebant

390 1341 432 1385 a
458 1319 695 1406 primis
725 1321 1082 1388 columnae
1122 1322 1498 1392 exstructae
1533 1339 1621 1386 ex
1653 1309 2059 1406 aurichalco‘
2072 1317 2467 1410 insculptae,

389 1444 561 1514 quae
590 1423 815 1489 media
858 1424 932 1492 in
975 1421 1189 1489 insula
1221 1424 1435 1514 polita
1458 1421 1688 1488 eratin
1703 1421 1994 1511 Neptuni
2017 1425 2295 1520 templo,
2328 1445 2467 1508 quo

390 1523 667 1613 quidem
705 1524 981 1591 alternis
1022 1523 1229 1591 modo
1266 1525 1508 1615 quinto
1544 1526 1752 1591 modo
1774 1527 1959 1592 sexto
2000 1547 2178 1592 anno
2202 1521 2472 1592 ¹conve--

388 1625 701 1728 niet-bant,
762 1626 912 1714 pari
954 1639 1021 1693 et
1063 1627 1315 1717 impari
1371 1651 1663 1696 numero
1700 1628 1882 1694 idem
1932 1627 2336 1703 tribuentes,
2401 1637 2473 1703 et

394 1730 875 1796 convenientes
909 1730 996 1795 de
1045 1717 1249 1798 rebus
1292 1731 1768 1798 communibus
1807 1723 2310 1820 consultabant)
2353 1730 2477 1796 in-

389 1832 743 1916 quirebant
784 1834 827 1897 fi
871 1834 1020 1919 quis
1056 1833 1219 1921 quid
1262 1835 1672 1920 migraverat
1721 1844 1790 1899 et
1833 1830 2255 1899 iudicabant:
2284 1831 2478 1899 iudi-

386 1936 569 2001 cium
597 1948 820 2002 autem
856 1936 1225 2002 exercitari
1252 1936 1458 2003 fidem
1486 1935 1661 2003 inter
1683 1938 1750 2001 se
1773 1934 1950 2004 hanc
1977 1934 2169 2024 p‘rius
2197 1935 2466 2004 dabant.

371 2035 585 2104 ‘liberi
613 2046 843 2123 '2quum
882 2029 1307 2125 pascerentur
1348 2039 1529 2106 tauri
1570 2039 1645 2106 in
1675 2040 1976 2130 Neptuni
2003 2036 2258 2123 templo
2279 2088 2300 2121 ‚
2344 2037 2478 2106 de-

386 2163 533 2207 cem
550 2138 651 2205 illi
665 2139 783 2206 soli
811 2139 922 2206 hic
944 2144 1282 2208 versantes
1311 2140 1654 2208 vovebant
1678 2142 1805 2208 deo
1823 2153 2084 2230 gratam
2117 2140 2468 2206 victimam

383 2242 453 2307 se
481 2251 798 2338 capturos
830 2248 992 2324 effe,
1030 2256 1100 2311 et
1122 2246 1259 2311 fine
1285 2242 1478 2310 ferro
1505 2242 1700 2331 lignis
1728 2256 1796 2313 et
1823 2244 2085 2332 laqueis
2118 2243 2496 2331 venaban-v

382 2357 521 2426 tur,
565 2358 839 2412 taurum
882 2362 1049 2413 vero
1080 2368 1280 2433 quem
1321 2360 1646 2434 ceperant
1682 2349 1767 2417 ad
1802 2350 2187 2414 columnam
2230 2346 2472 2412 trahe-

383 2449 549 2513 bant
589 2460 656 2512 et
695 2447 772 2514 in
809 2448 949 2515 eius
986 2436 1248 2517 vertice
1269 2452 1667 2531 ⁴mactabant
1710 2450 1786 2517 in
1813 2448 2061 2519 litteris
2088 2448 2188 2527 ibi
2228 2447 2466 2516 incifis.

380 2549 456 2617 in
492 2551 810 2619 columna
852 2563 1124 2638 praeter
1158 2552 1339 2639 leges
1384 2550 1857 2621 iusiurandum
1900 2563 2047 2618 erat
2089 2549 2235 2617 dira
2269 2553 2499 2617 exse-1

382 2673 579 2718 crans
617 2651 692 2717 in
740 2674 857 2716 eos
900 2653 1021 2740 qui
1060 2676 1201 2721 non
1235 2653 1528 2743 parituri
1558 2661 1781 2739 effent.
1843 2675 2052 2741 quum
2093 2653 2466 2719 secundum

379 2755 557 2841 leges
582 2754 734 2819 sna's
757 2754 1085 2822 sacrificio
1116 2754 1305 2825 facto
1326 2757 1782 2825 consecraturi
1811 2769 2007 2824 erant
2032 2755 2259 2823 omnia
2284 2754 2469 2823 tauri

380 2856 687 2923 membra
702 2905 739 2947 ,⁶
767 2863 1032 2924 cratera
1064 2854 1433 2925 statuebant
1459 2870 1524 2925 'et
1549 2882 1676 2950 pro
1708 2879 1979 2948 quoque
2007 2870 2270 2949 guttam
2302 2859 2471 2926 inii-

381 2957 644 3025 ciebant
672 2960 1039 3047 sanguinis,
1072 2962 1339 3048 reliqua
1363 2961 1438 3029 in
1466 2962 1693 3051 ignem
1732 2962 2149 3048 inferebant,
2178 2965 2468 3030 lustran-

380 3071 477 3125 tes
507 3061 928 3146 columnam3
973 3062 1221 3130 deinde
1244 3065 1468 3131 aureis
1499 3062 1756 3155 poculis
1783 3087 1822 3128 e
1850 3077 2108 3131 cratere
2137 3054 2468 3133 baurim-'-

378 3171 477 3228 tes
506 3174 573 3227 et
598 3163 669 3228 in
697 3165 922 3251 ignem
961 3164 1250 3237 libantes
1290 3164 1610 3235 iurabant
1648 3166 2060 3232 iudicaturos
2088 3167 2154 3229 se
2195 3171 2323 3232 effe
2356 3167 2467 3232 se·-

381 3265 686 3331 c‘undum
733 3269 907 3352 leges
960 3269 1319 3335 columnae
1356 3268 1592 3336 ‘incisas'
1639 3278 1709 3334 et
1758 3264 2181 3355 castigaturos
2225 3269 2467 3353 siquis

380 3366 543 3456 quid
571 3380 731 3433 ante
765 3368 1212 3456 migraffet,et
1228 3370 1301 3436 in
1314 3371 1650 3460 posterum
1665 3379 1938 3460 quoque
1968 3370 2142 3437 nihil
2183 3368 2475 3460 scripto-
2540 3360 2546 3368 ⁸

377 3491 539 3535 rum
597 3471 716 3536 sua
759 3472 996 3560 sponte
1050 3473 1497 3560 migraturos,
1553 3489 1778 3562 neque
1840 3474 2291 3561 imperaturos
2333 3493 2466 3536 ne·-

377 3594 511 3662 que
537 3572 897 3660 imperanti
943 3574 1287 3662 parituros
1327 3578 1453 3641 effe
1485 3574 1601 3650 nisi
1640 3577 2022 3673 secundum-
2043 3573 2255 3666 patris
2284 3574 2465 3661 lege's

377 3675 826 3743 mandaturus
871 3680 1046 3747 effer.
1106 3682 1281 3765 quae
1316 3700 1533 3766 quum
1573 3678 1858 3747 voviss’et
1902 3683 2186 3768 quisque
2224 3696 2468 3748 eorum

376 3800 506 3868 pro
556 3777 626 3846 fe
668 3778 924 3869 suoque
960 3801 1227 3870 genere,
1271 3780 1548 3849 bibebat
1571 3792 1641 3849 et
1663 3778 1906 3871 poculo
1949 3782 2023 3851 in
2060 3778 2170 3847 dei
2205 3779 2463 3868 templo
