2738 4600
988 337 1428 409 PoLITIA
1485 339 1572 409 x.
2249 341 2331 426 75

246 505 391 583 lem
421 513 490 577 se
521 511 738 599 ipsum
770 512 899 580 effe
934 511 1181 586 nollet.
1229 511 1339 576 sed
1383 512 1449 574 se
1500 511 1823 596 puderet,
1868 531 2009 576 non
2047 509 2332 578 detesta-

246 630 401 697 tur,
443 614 552 682 sed
598 612 847 699 gaudet
893 624 959 677 et
1002 612 1289 700 probat?
1334 613 1872 700 Haudquaquam
1909 614 2171 694 hercle,
2216 614 2331 678 in-

246 720 427 805 quit,
472 716 723 782 rationi
760 718 1275 780 consentaneum
1312 718 1417 783 est.
1451 738 1456 743 ·
1490 715 1753 798 Etiam,
1801 718 2113 802 inquam,
2161 718 2209 780 s1
2238 719 2332 781 ita

243 823 315 890 id
352 821 754 886 confideres.
843 817 1265 906 Quomodo?
1309 816 1381 883 Si
1427 832 1701 905 reputes
1740 818 1807 883 id
1841 820 2020 906 quod
2063 820 2127 884 vi
2177 832 2334 884 tum

160 968 167 973 ·
249 929 615 1014 repressum
649 921 857 987 fu'erit
888 921 956 984 in
988 919 1284 1007 propriis
1313 918 1800 985 calamitatibus
1834 934 1902 986 et
1929 920 2332 1007 concupive-

247 1027 342 1094 rit
367 1027 551 1103 flere,
599 1023 957 1091 lamentari
982 1023 1135 1086 satis
1165 1035 1232 1088 et
1262 1023 1546 1109 expleri,
1589 1024 1844 1110 quippe
1873 1024 2054 1109 quod
2093 1035 2333 1089 natura

250 1133 331 1198 fit
373 1127 696 1192 eiusmodi
728 1125 931 1211 *quod
978 1126 1092 1190 illa
1137 1136 1441 1212 appetat,
1486 1124 1550 1190 id
1599 1139 1748 1192 tum
1796 1132 1919 1193 effe
1950 1124 2116 1191 illud
2157 1124 2334 1211 quod

254 1234 295 1299 a
338 1232 551 1321 poetis
589 1231 958 1316 impleatur
997 1240 1064 1292 et
1113 1225 1352 1313 gaudio
1396 1222 1816 1302 cumuletur,
1858 1228 2122 1316 partem
2168 1249 2335 1291 vero

251 1337 455 1402 nostri
485 1345 727 1398 natura
755 1331 1120 1417 optimam,
1168 1330 1415 1416 quippe
1460 1354 1596 1397 non
1643 1331 1795 1395 satis
1825 1330 2188 1396 institutam
2217 1351 2335 1393 ra-

254 1438 442 1506 tione
471 1450 540 1501 et
572 1428 800 1511 more,
843 1432 1189 1497 remittere
1233 1433 1592 1501 custodiam
1635 1435 1871 1499 flebilis
1902 1433 2108 1507 illius,
2159 1452 2335 1515 quo-7

254 1541 440 1607 niam
489 1540 742 1609 alienos
781 1537 963 1600 casus
1001 1537 1246 1623 spectet
1285 1537 1539 1624 ipsique
1569 1559 1708 1601 non
1748 1548 1952 1621 turpe
2000 1534 2334 1613 videatur,

184 1650 299 1717 ...fi
318 1643 491 1708 alius
504 1641 614 1705 vir
638 1640 892 1705 bonum
921 1641 987 1702 se
1018 1644 1144 1705 esse
1161 1659 1324 1724 prae
1349 1640 1413 1700 se
1438 1637 1663 1702 ferens
1677 1637 2120 1703 immoderate
2149 1659 2338 1700 mae-

253 1757 443 1827 reat,
487 1744 668 1818 hunc
694 1743 970 1808 laudare
996 1739 1274 1821 eiusque
1312 1739 1646 1818 misereri,
1691 1740 1803 1802 sed
1832 1742 2246 1826 voluptatem
2268 1738 2336 1799 se

253 1848 506 1914 lucrari
534 1845 860 1911 existimet
890 1863 1012 1905 nec
1036 1840 1325 1904 voluerit
1351 1862 1428 1902 ea
1457 1840 1725 1922 privari
1769 1850 2155 1925 contempto
2180 1837 2343 1901 uni-

254 1953 450 2017 verso
495 1949 835 2017 carmine;
897 1943 974 2007 in
1019 1952 1396 2028 perpaucos
1448 1940 1665 2018 enim,
1725 1940 2002 2028 opinor,
2048 1939 2223 2004 cadit
2266 1947 2344 2002 ut

255 2047 760 2139 reputent-fieri
789 2066 931 2108 non
970 2045 1147 2130 posse
1177 2042 1337 2127 quin
1368 2042 1585 2107 aliena
1612 2041 1683 2105 in
1714 2045 1934 2107 nostra
1964 2042 2342 2119 transfera-

256 2174 453 2226 mus;
490 2170 703 2235 neque
732 2145 910 2210 enim
942 2145 1059 2229 qui
1090 2144 1156 2208 in
1189 2143 1316 2208 illis
1350 2143 1841 2209 miserationem
1873 2146 2043 2211 aluit
2077 2157 2145 2210 et
2172 2169 2339 2211 eon-

255 2255 592 2333 firmavit,
640 2251 693 2316 is
727 2246 922 2313 facile
951 2267 1093 2312 eam
1128 2249 1332 2335 potest
1368 2247 1438 2312 in
1472 2248 1600 2312 suis
1628 2245 1766 2334 ipse
1795 2246 2085 2314 fortunis
2112 2247 2339 2335 repri-

257 2382 461 2427 mere.
532 2353 915 2431 Verisfime,
958 2348 1193 2435 inquit.
1278 2350 1523 2415 Nonne
1550 2351 1786 2416 eadem
1820 2353 1909 2415 est
1935 2350 2339 2416 ridiculi'ra-

263 2461 405 2525 tio'?
450 2457 521 2522 in
558 2455 867 2519 omnibus
899 2450 1077 2516 enim
1117 2471 1290 2534 quae
1321 2451 1494 2515 risus
1528 2453 1852 2518 movendi
1894 2452 2084 2516 causa
2126 2462 2196 2514 te
2230 2449 2342 2515 fa-

268 2662 526 2734 comica
554 2660 662 2722 vel
704 2660 907 2722 etiam
940 2654 1255 2744 privatim
1295 2677 1540 2741 magna
1568 2678 1723 2721 cum
1752 2657 2097 2744 voluptate
2125 2655 2339 2736 audis,

265 2768 451 2835 idem
499 2761 663 2826 facis
695 2757 875 2847 quod
914 2757 1464 2822 inmiseratione.
1510 2758 1688 2842 quod
1723 2759 1906 2825 enim
1937 2758 2195 2824 ratione
2223 2758 2342 2822 iti-

268 2870 421 2935 dem
449 2862 794 2929 cohibuisti
812 2862 881 2925 in
914 2871 980 2924 te
998 2870 1315 2948 appetens
1331 2858 1497 2923 illud
1518 2860 1789 2944 quidem
1802 2862 1972 2928 risus
1996 2861 2341 2927 concitan-

271 2973 371 3046 di,
416 2969 670 3035 veritus
710 2963 961 3029 famam
999 2960 1289 3026 scurrilis
1317 2961 1713 3036 dicacitatis,
1759 2964 1824 3028 id
1851 2975 2000 3028 tum
2028 2962 2340 3039 remitti-⁰„

274 3086 376 3147 et,
422 3093 633 3159 quum
680 3066 771 3130 ibi
807 3066 872 3131 id
918 3064 1485 3143 c01·roboraveri3‚
1532 3067 2013 3152 saepenumero
2062 3064 2342 3132 insciens

271 3176 340 3241 in
370 3175 461 3238 eis
492 3194 663 3257 quae
694 3169 830 3258 ipse
857 3167 1018 3231 facis
1035 3167 1201 3232 adeo
1227 3164 1553 3253 abriperis
1582 3164 1661 3229 ut
1688 3166 2024 3231 comicum
2057 3178 2123 3230 te
2142 3188 2346 3254 prae-
2407 3197 2416 3204 x

273 3279 455 3344 beas
536 3275 712 3342 Sane
750 3270 1054 3357 quidem,
1099 3271 1342 3354 inquit.
1430 3268 1654 3334 Etiam
1697 3269 1874 3353 quod
1915 3271 1994 3335 ad
2041 3288 2344 3336 amorem

274 3380 517 3445 attinet
545 3388 611 3438 et
640 3373 1239 3439 excandescentiam
1268 3394 1631 3457 omnesque
1648 3371 2061 3458 cupiditate8‚
2080 3369 2345 3432 dolores

276 3493 349 3546 et
377 3482 744 3563 voluptates
775 3477 849 3540 in
887 3476 1137 3556 animo,
1191 3496 1377 3560 quae,
1394 3474 1664 3561 quidem
1699 3474 1980 3538 dicimus
2011 3488 2347 3556 quamque

271 3581 470 3651 nobis
515 3579 832 3645 actionem
864 3578 1080 3662 sequi,
1122 3575 1303 3641 idem
1351 3577 1543 3641 nobis
1573 3576 1833 3665 poetica
1869 3569 2157 3637 imitatio
2200 3566 2348 3632 effi·-

275 3687 401 3751 cit:
452 3680 575 3749 alit
602 3681 775 3745 enim
802 3680 915 3745 illa
944 3691 1145 3763 atque
1166 3679 1341 3763 rigat
1368 3701 1578 3764 quum
1612 3682 2005 3765 oporterent
2027 3672 2345 3751 arescere,

278 3801 347 3854 et
371 3796 666 3853 rectores
693 3783 883 3848 nobis
914 3782 1207 3870 imponit
1238 3802 1444 3864 quum
1473 3785 1865 3869 oporterent
1888 3770 2027 3856 regi
2046 3818 2063 3844 .
2108 3782 2186 3836 ut
2217 3795 2350 3838 me-

274 3892 479 3958 liores
519 3910 598 3953 ac
642 3885 973 3962 beatiores
1015 3908 1051 3950 e
1086 3884 1532 3947 deterioribus
1584 3892 1650 3944 et.
1694 3873 2149 3946 miserioribus
2189 3899 2353 3943 eva-

282 3995 613 4059 deremuS.
711 3989 865 4070 Non
890 3986 1105 4052 habeo
1135 3986 1328 4049 aliter
1357 3984 1603 4061 dicere,
1640 3976 1877 4062 inquit.
1923 3980 2152 4065 Itaque
2178 4029 2196 4062 ‚
2240 3979 2353 4043 in·-

281 4119 526 4185 quam,
578 4094 873 4177 Glauco,
918 4088 1183 4177 quando
1209 4086 1493 4155 Homeri
1518 4083 1895 4152 laudatores
1928 4081 2210 4153 offendis
2243 4076 2357 4140 di·-
