2738 4600
2160 5 2595 12 officqwffimff
2610 5 2701 31 *fi

1045 338 1569 412 TIMAEUS.
2231 346 2353 435 147

257 511 644 588 venientem
663 565 682 600 ,
745 513 904 582 euin
952 512 1068 600 qui
1114 534 1294 580 unus
1328 536 1413 578 ex
1438 508 1691 602 septeni
1722 517 2017 584 motibus
2048 522 2136 588 ad
2165 535 2354 590 men‘.

257 639 398 692 tem
457 637 652 710 atque
703 615 1212 703 intelligentiam
1275 616 1581 681 maxime
1628 618 1971 703 spectaret.
2033 646 2351 705 quoorca

259 753 462 820 quum
491 723 862 811 aequaliter
893 722 967 784 in
993 718 1231 783 eodem
1264 719 1620 805 ipsumque
1647 720 1719 784 in
1756 721 1819 784 se
1846 722 2347 796 circumtulistet

243 832 480 900 ¹effecit
527 842 607 894 ut.
641 830 716 893 in
763 824 994 890 orbem
1038 833 1437 888 moveretur
1479 821 1926 908 retorquens„
1970 825 2084 892 sex
2116 843 2347 898 autem

254 958 492 1004 omnes
534 943 754 1017 motus
782 925 1056 993 exclufit
1083 928 1471 1011 horumque
1512 924 1597 989 ab
1621 926 1956 991 erratione
1985 951 2139 997 eum
2167 935 2347 998 libe..

250 1040 459 1109 ravit.
517 1036 598 1104 ad
646 1035 820 1099 hanc
861 1030 1066 1114 igitur
1097 1030 1600 1094 conversionem
1647 1051 1860 1116 quum
1897 1033 2180 1117 pedibus
2207 1061 2346 1105 non

255 1153 480 1233 egeret
505 1122 815 1205 cruribus
847 1145 913 1197 et
944 1129 1225 1216 pedibus
1263 1153 1420 1196 eum
1450 1146 1793 1198 carentem
1823 1139 2198 1220 generavit.

424 1245 615 1311 Hanc
655 1240 865 1326 igitur
903 1256 1177 1298 omnem
1224 1232 1554 1299 rationem
1604 1235 1769 1302 deus
1814 1239 1931 1322 qui
1961 1241 2231 1328 semper
2257 1247 2347 1311 est

252 1371 467 1441 quum
516 1342 839 1411 habuiffet
866 1336 973 1400 dei
1001 1336 1362 1421 aliquando
1392 1336 1638 1420 futuri,
1683 1340 1832 1403 leve
1859 1353 2063 1425 atque
2089 1367 2345 1431 aequa-

249 1453 412 1531 bile,
457 1449 761 1533 undique
797 1465 838 1504 a
867 1437 1089 1503 medio
1121 1462 1245 1525 par
1264 1452 1328 1503 et
1358 1451 1574 1504 totum
1599 1452 1664 1505 et
1691 1440 2080 1529 perfectum
2110 1470 2148 1510 e
2179 1472 2344 1534 per..

247 1553 449 1625 fectis
472 1544 785 1637 col-'porib
794 1565 866 1606 us
881 1563 1124 1630 corpus
1138 1541 1374 1607 effecit.
1391 1544 1693 1608 animum
1713 1557 1931 1610 autem
1952 1547 2021 1610 in
2036 1549 2177 1618 eius
2191 1575 2344 1615 me-

249 1658 363 1722 dio
393 1655 790 1717 collocatum
826 1669 947 1729 per
969 1656 1194 1710 totum
1227 1643 1512 1708 tetendit
1543 1658 1607 1708 et
1635 1658 1987 1732 praeterea
2013 1652 2345 1716 extrinse-

248 1783 374 1832 cus
402 1752 849 1822 univerfitatis
877 1771 1116 1834 corpus
1135 1748 1405 1812 eocircu
1416 1747 1683 1827 mfudit,
1719 1761 1916 1829 atque
1935 1749 2003 1811 in
2021 1751 2255 1816 orbem
2274 1754 2345 1818 fe

194 1862 201 1869 '
250 1869 768 1941 convertentem
780 1853 1018 1919 orbem
1035 1850 1293 1914 caelum
1311 1871 1526 1912 unum
1544 1849 1752 1912 solum
1785 1872 2073 1921 vacuum
2094 1852 2345 1935 effecit,

203 1951 207 1954 ’
250 1962 435 2048 quod
462 1962 682 2026 secum
710 1946 928 2042 ipsum
957 1963 1244 2040 propter
1273 1952 1591 2015 virtutem
1609 1949 1798 2016 facile
1833 1956 1958 2017 effe
1984 1955 2190 2040 poffet
2222 1946 2347 2023 nec

253 2064 666 2143 desideraret
688 2060 1003 2132 alterum,
1049 2054 1217 2135 satis
1236 2053 1347 2118 fibi
1379 2054 1591 2140 ipsum
1624 2068 1859 2123 notum
1893 2066 1961 2118 et
1993 2056 2343 2129 familiare.

252 2169 368 2235 his
409 2166 612 2253 igitur
661 2160 976 2228 omnibus
1009 2159 1094 2241 de
1128 2157 1335 2223 caufis
1387 2157 1720 2222 mundum
1749 2160 2139 2244 procreavit
2183 2161 2347 2229 bea-

249 2283 405 2337 tum
447 2268 675 2333 deum.
743 2318 747 2322 .
1855 2286 1858 2289 1

430 2376 752 2442 Animum
785 2381 1012 2435 autem
1042 2391 1181 2434 nou
1199 2414 1217 2446 ‚
1263 2380 1340 2432 ut
1364 2388 1551 2432 nunc
1582 2367 1945 2452 posteriore
1973 2365 2123 2432 loco
2150 2368 2235 2431 de
2264 2393 2345 2438 eo

253 2467 656 2562 instituimus
694 2474 952 2552 dicere,
1010 2471 1106 2535 ita
1148 2470 1351 2534 etiam
1397 2467 1821 2535 machinatus
1884 2470 1972 2530 est
2006 2472 2350 2535 recentio-

253 2606 446 2659 remg
492 2603 630 2644 non
660 2574 996 2658 enimqui
1025 2595 1181 2637 eum
1215 2568 1558 2658 copulavit
1588 2570 1911 2634 maiorem
1945 2570 2180 2636 fiviffet
2213 2573 2347 2638 mi..

253 2685 420 2753 nori
462 2702 733 2770 parere;
782 2676 887 2739 sed
918 2698 1040 2738 nos
1085 2671 1621 2758 quodammode,
1665 2684 1871 2758 prout
1909 2673 2122 2737 multa
2155 2675 2348 2742 nobis

253 2788 544 2855 fortuito
572 2798 635 2847 et
653 2778 1128 2846 inconfiderate
1144 2775 1319 2838 incid
1332 2784 1475 2854 unt,
1508 2776 1597 2837 ita
1629 2773 1773 2838 fere
1806 2775 2008 2840 etiam
2036 2774 2342 2843 dicimus-

255 2891 374 2957 ille
396 2910 558 2950 vero
578 2896 646 2948 et
659 2895 809 2948 ortu
829 2893 896 2945 et
915 2878 1160 2943 virtute
1174 2877 1470 2962 priorem
1491 2886 1558 2940 et
1575 2867 2016 2961 antiquiorem
2039 2878 2347 2944 animum

259 3014 563 3079 corpore,
579 2982 1035 3078 urdominqm
1060 2993 1130 3062 et
1153 2982 1640 3067 imperaturum
1672 2978 2045 3052 obedituro,
2063 2975 2206 3045 com
2218 3005 2349 3065 po·-

259 3096 387 3160 suit
435 3116 519 3158 ex
545 3091 652 3156 his
679 3100 748 3154 et
764 3088 888 3152 hac
919 3083 1192 3151 ratione.
1221 3105 1307 3148 ex
1337 3082 1623 3146 materia
1643 3102 1819 3165 quae
1859 3081 2215 3149 individua
2260 3086 2350 3148 est

260 3197 657 3282 semperque
687 3189 888 3255 unius
907 3186 1090 3251 modi
1120 3199 1189 3252 et
1219 3208 1304 3250 ex
1333 3208 1413 3249 ea
1443 3205 1616 3268 quae
1643 3183 1716 3246 in
1752 3185 2143 3272 corporibus
2171 3187 2351 3252 divi·-

262 3299 389 3365 dua
424 3296 742 3383 gignitur,
759 3289 1039 3357 tertium
1074 3288 1394 3354 materiae
1422 3306 1630 3370 genus
1645 3286 1997 3372 utriusque
2019 3286 2088 3350 in
2119 3288 2348 3350 medio

259 3398 610 3478 conflavit,
660 3394 839 3481 quod
872 3398 1025 3459 effet
1069 3389 1367 3456 eiusdem
1415 3398 1699 3452 naturae
1742 3401 1810 3453 et
1835 3389 2014 3472 quod
2044 3388 2349 3470 alterius,

258 3505 470 3590 idque
503 3502 662 3564 item
689 3500 761 3563 in
790 3496 1016 3566 medio
1047 3492 1386 3558 constituit
1408 3491 1970 3575 individuitatque
1991 3490 2134 3551 eius
2169 3490 2349 3568 quod

260 3610 333 3675 in
367 3601 762 3691 corporibus
789 3600 876 3662 est
905 3596 1278 3661 dividuum.
1336 3606 1405 3660 et
1437 3616 1646 3678 quum
1681 3593 1813 3656 tria
1846 3590 2012 3653 haec
2048 3590 2351 3676 sumptis-

263 3713 382 3786 set,
406 3730 619 3794 ⁴unam
652 3700 965 3768 omniain
983 3698 1266 3785 speciem
1290 3694 1716 3783 temperavit,
1750 3690 2023 3755 alterius
2037 3690 2350 3770 naturam
2449 3737 2458 3746 .

264 3808 708 3899 copulationis
752 3808 1039 3871 alienam
1070 3801 1135 3863 vi
1180 3792 1593 3872 consocians.
1638 3816 1801 3879 quas
1834 3792 2102 3876 quidem
2136 3815 2352 3880 quum

261 3912 744 4007 permiscuisset
789 3932 941 3974 cum
977 3903 1259 3971 materia
1291 3914 1355 3965 et
1387 3924 1478 3965 ex
1524 3895 1739 3961 tribus
1783 3891 2091 3959 effeciss'et
2133 3920 2355 3967 unum

262 4022 492 4089 rursus
525 4030 742 4084 totum
775 4012 907 4077 hoc
937 4011 1008 4073 in
1040 4031 1150 4072 eas
1181 4028 1347 4091 quas
1392 3998 1612 4067 decuit
1643 4006 1865 4082 partes
1913 4000 2194 4085 partitus
2247 4005 2356 4084 est,

264 4131 604 4211 quamque
647 4142 734 4210 ex
766 4114 1017 4196 *eodem
1064 4120 1130 4173 et
1180 4108 1392 4174 altero
1438 4113 1513 4176 et
1558 4092 1859 4267 ιιιεέιῐθϊίῐειζ
1883 4111 2357 4193 temperatam.

1907 4224 1942 4267 2
