2738 4600
1142 325 1609 397 C‘RITIAS.
2280 328 2406 396 285

330 530 452 574 nos
475 504 922 595 percipientes
955 487 1269 586 quicquid
1309 498 1844 589 praetermissum
1877 495 2087 566 fuerit
2131 510 2409 589 propter

332 597 886 676 contubernalem
920 599 1068 668 fere
1113 616 1648 689 perpetuamque
1687 603 1932 667 harum
1971 626 2206 671 rerum
2247 626 2409 672 con-

333 711 809 780 siderationem
854 705 1151 772 difficiles
1196 704 1477 791 reperiri
1525 705 1776 772 iudices
1816 705 1888 769 in
1919 727 2075 772 eum
2108 708 2224 794 qui
2267 729 2412 780 non

333 801 570 882 omnes
624 811 900 877 omnino
950 807 1418 873 similitudines
1480 806 1888 876 exhibuerit.
1969 809 2151 874 idem
2207 809 2412 896 igitur

334 920 539 984 etiam
570 916 641 994 in
671 911 1080 984 orationibus
1119 909 1418 975 accidere
1463 909 1982 997 intelligendum
2023 914 2148 992 est3
2195 914 2414 978 caele·-

333 1022 450 1089 stia
480 1024 658 1085 enim
688 1029 752 1082 et
786 1015 1011 1081 divina
1056 1014 1254 1079 etiam
1288 1014 1332 1076 fi
1362 1013 1746 1099 paullulum
1785 1014 1865 1080 ad
1901 1014 2412 1084 verifimilitudi

336 1146 494 1189 nem
535 1133 977 1209 exponuntur
1000 1114 1155 1180 satis
1202 1114 1564 1191 habemus,
1611 1117 1930 1182 mortalia
1960 1139 2129 1182 vero
2176 1130 2242 1182 et
2276 1118 2416 1183 hu·-

336 1247 537 1292 mana
577 1223 932 1308 diligenter
981 1219 1433 1314 exploramus.
1476 1218 1697 1283 subito
1727 1219 1934 1304 igitur
1958 1239 2140 1286 nunc
2176 1221 2418 1287 dicen·-

335 1342 435 1394 tes
462 1332 504 1393 fi
536 1327 605 1391 id
636 1323 817 1412 quod
848 1318 1169 1385 convenit
1196 1340 1333 1382 non
1359 1323 1781 1401 potuerimus
1804 1325 2077 1410 prorsus
2107 1314 2416 1408 ieddere',
2463 1317 2469 1324 ’

337 1430 587 1517 ignosci
634 1435 958 1514 oportet3·
988 1439 1211 1507 neque
1241 1424 1438 1488 enim
1475 1421 1701 1489 facilia
1744 1430 1873 1491 effe
1915 1421 2260 1511 mortalia,
2306 1427 2418 1493 sed

341 1530 640 1598 difficilia
690 1527 774 1591 ad
833 1523 1218 1613 opinionem
1274 1529 1580 1613 express'u
1633 1525 2059 1613 cogitandum
2105 1532 2212 1594 est.
2287 1531 2420 1595 hoe

340 1635 554 1721 igitur
581 1645 657 1694 ut
689 1652 810 1696 vos
835 1629 1273 1694 admonerem
1302 1641 1368 1693 et
1399 1630 1669 1694 Veniam
1714 1651 1856 1694 non
1889 1632 2222 1696 minorem
2241 1680 2262 1712 ‚
2305 1634 2421 1700 sed

344 1736 669 1802 maiorem
715 1743 1018 1819 peterem
1068 1732 1150 1795 de
1189 1729 1270 1794 iis
1307 1752 1479 1814 quae
1514 1734 1904 1819 prolaturus
1945 1738 2141 1798 essetn
2195 1737 2420 1800 omnia

341 1834 735 1915 haec-dixi,
782 1832 1080 1899 Socrate.
1132 1832 1269 1899 iam
1315 1834 1364 1896 fi
1407 1834 1556 1900 iure
1583 1847 1815 1923 petere
1858 1834 2094 1899 videor
2138 1834 2418 1919 donum,

343 1945 523 2008 ultro
565 1936 734 2003 mihi
770 1938 976 2021 ‚dates
1523 1995 1532 2004 ,
1812 1985 1817 1992 .

519 2042 631 2106 So.
678 2040 935 2129 Quidni
980 2039 1325 2120 velimus,
1362 2038 1615 2119 Critia,
1676 2039 1795 2105 tibi
1843 2034 2054 2107 dar'e‘.>
2110 2052 2173 2107 et
2218 2066 2424 2129 prae-

347 2159 531 2213 terea
573 2131 843 2228 quoque
880 2140 1084 2204 tertio
1134 2140 1368 2206 datum
1413 2144 1502 2206 est
1540 2142 1717 2207 idem
1773 2143 1899 2210 hoc
1926 2145 2349 2211 Hermocrati
2382 2165 2424 2211 a

348 2246 575 2327 nobis3
633 2266 773 2308 non
818 2239 1001 2307 enim
1044 2243 1323 2309 dubium
1373 2245 1462 2310 est
1502 2245 1665 2333 quin
1708 2248 1932 2334 paullo
1973 2248 2149 2338 post,
2209 2268 2426 2333 quum

351 2346 733 2439 oportuerit
760 2369 916 2411 eum
954 2347 1212 2422 dicere,
1241 2347 1572 2434 petiturus
1604 2350 1677 2412 fit
1705 2351 1883 2434 quod
1912 2370 2066 2431 vos;
2112 2361 2188 2414 ut
2216 2351 2425 2436 igitur

349 2448 920 2520 aliudexordium
954 2449 1178 2536 capiat
1205 2472 1332 2513 nec
1373 2449 1553 2514 idem
1582 2463 1857 2536 cogatur
1881 2450 2222 2538 proferre,
2268 2452 2426 2520 scito

349 2554 620 2619 veniam
663 2550 722 2614 ei
761 2549 896 2619 iam
931 2549 1158 2614 datam
1186 2556 1312 2617 effe
1347 2565 1415 2617 et
1451 2555 1541 2616 ita
1571 2552 1790 2620 dicito.
1836 2550 2149 2641 praedico
2173 2566 2428 2636 tamen,

354 2677 507 2722 care
550 2652 798 2731 Critia‚
842 2650 964 2714 tibi
1012 2651 1259 2716 theatri
1305 2655 1767 2737 sententiam,·
1802 2656 2098 2743 priorem
2149 2658 2428 2745 poetam

345 2755 677 2823 ‘eximiam
705 2753 777 2818 in
806 2775 884 2835 eo
908 2753 1188 2838 gloriam
1229 2757 1717 2844 consequutum
1748 2762 1910 2834 effe3
1941 2760 2252 2844 quocirca
2278 2750 2430 2845 per-

354 2880 601 2947 magna
639 2857 763 2922 tibi
818 2879 986 2946 opus
1032 2852 1162 2922 erit
1202 2857 1440 2934 venia,
1485 2870 1561 2924 ut
1603 2861 1725 2926 has
1767 2871 1990 2951 partes
2039 2865 2236 2952 postis
2287 2863 2430 2928 sus-

360 2965 604 3054 cipere.

529 3060 702 3130 Her.
757 3063 945 3130 Idem
1010 3060 1797 3147 verossocratesmihi
1837 3066 2204 3153 denuncias
2234 3058 2433 3152 ‘quod

360 3170 543 3237 huic.
599 3178 899 3231 attamen
940 3167 1363 3254 desperantes
1409 3168 1544 3232 viri
1571 3169 1869 3232 nondum
1909 3180 2263 3254 tropaeum
2306 3168 2436 3230 sta-

362 3281 676 3347 tuerunt,
735 3268 980 3347 Critia3
1039 3270 1309 3353 aggredi
1345 3269 1554 3354 igitur
1599 3270 1682 3335 ad
1727 3271 2094 3334 orationem
2146 3268 2436 3349 virilitor

363 3387 432 3439 te
462 3380 759 3461 oportet,
806 3381 875 3434 et
906 3371 1222 3457 Apolline
1252 3372 1595 3457 Musisque
1620 3372 1943 3456 invocatis
1970 3371 2224 3461 priscos
2256 3369 2436 3434 cives
2534 3418 2541 3423 .

365 3473 663 3562 egregios
699 3473 1041 3537 ostendere
1071 3486 1269 3560 atque
1301 3474 1662 3540 celebrare.

538 3574 705 3641 crit.
749 3577 813 3640 Ο
856 3599 1010 3642 care
1045 3577 1554 3655 Herus-onmes,
1599 3578 1756 3664 quia
1800 3577 1876 3641 in
1913 3574 2275 3665 posteriore
2315 3594 2439 3639 οι·-

366 3681 525 3747 dine
556 3679 912 3746 collocatus
947 3702 1016 3745 es
1045 3691 1112 3744 et
1151 3678 1359 3744 alium
1401 3689 1560 3742 ante
1598 3690 1666 3744 te
1706 3676 1955 3760 habes,
2013 3677 2238 3745 adhue
2267 3697 2439 3740 con-

365 3781 538 3846 fidis.
583 3792 650 3844 et
678 3781 810 3846 hoc
836 3780 1110 3866 quidem
1142 3781 1340 3866 quale
1366 3782 1477 3864 fit,
1522 3803 1627 3849 res
1668 3780 1810 3867 ipsa
1851 3779 1972 3843 tibi
2011 3801 2180 3845 mox
2218 3778 2443 3844 decla-

368 3883 580 3965 rabit3
637 3882 1025 3948 adhortanti
1067 3906 1236 3949 vero
1290 3883 1665 3968 tibi-atque
1718 3882 2036 3947 excitanti
2090 3880 2444 3970 obtempe-

370 3985 705 4071 randum,
749 3995 817 4052 et
836 3997 1107 4075 praeter
1140 4008 1253 4052 eos
1297 4004 1467 4074 quos
1501 3984 1717 4052 dixisti
1762 3985 1920 4051 deos
1957 3983 2201 4071 reliqui
2240 3985 2444 4050 invo-
