2738 4600
1142 289 1586 363 rom‘rm
1623 290 1778 363 ‚lx
2457 323 2504 391 φ

408 464 574 532 nem
611 475 684 531 et
710 466 1039 547 ,aculeum
1079 460 1475 532 indiderunt
1509 465 1721 542 fuco.
1766 475 1915 535 tum
1949 467 2415 542 satellitem'se
2444 473 2511 544 ei
2586 536 2593 543 ,

413 567 713 654 adiungit
733 566 982 633 insania
1001 579 1069 633 et
1091 564 1255 632 furit
1275 566 1390 634 hic
1416 568 1625 636 animi
1653 569 2058 659 praefectus,
2075 575 2216 658 etfi
2232 574 2512 664 opinio-u

406 693 529 737 nes
554 672 628 736 in
660 671 729 735 se
768 670 1022 757 aliquas
1049 668 1498 759 deprdiendit
1540 684 1611 739 et
1637 673 2032 762 cupiditates
2057 699 2187 765 pro
2211 677 2510 767 frugalia

403 773 534 841 bus
561 774 826 840 habitas
860 785 929 840 et
955 773 1180 841 adhuc
1206 771 1655 856 verecundae,
1706 776 1793 844 de
1828 776 2052 843 medio
2083 801 2195 846 eas
2225 780 2408 847 tollit
2439 791 2509 850 et

347 892 356 901 ·
400 874 586 942 foras
624 899 710 942 ex
741 878 811 942 se
854 877 1065 966 pellit,
1110 873 1272 940 dum
1306 877 1378 941 se
1406 877 1776 947 exsolverit
1800 881 2276 972 temperantia,
2321 882 2503 951 insaae

404 980 522 1045 nia
554 1002 725 1044 vero
761 976 1215 1067 compleverit
1250 979 1614 1070 assumpta.
1657 981 1961 1065 Prorsus,
1989 984 2239 1072 inquit,
2266 994 2504 1072 tyran-

403 1083 535 1148 nici
577 1084 709 1150 viri
742 1081 908 1148 dicis
931 1093 1185 1148 ortum.
1269 1081 1454 1150 Num
1491 1106 1684 1167 vero,
1732 1086 2036 1174 inquam,
2080 1086 2286 1153 etiam
2319 1087 2503 1156 anti-

401 1187 632 1273 quitus
660 1185 837 1250 hanc
868 1184 956 1250 ob
996 1186 1260 1252 eausam
1291 1186 1622 1274 tyrannus'
1654 1187 1870 1257 Amor
1893 1187 2346 1277 perhibetur?
2388 1188 2500 1257 Est

399 1290 561 1354 sane
588 1288 700 1369 ita,
743 1288 983 1374 inquit.
1064 1288 1331 1373 Nonne,
1375 1289 1612 1373 amice,
1657 1288 1965 1378 inquam,
2009 1290 2215 1358 etiam
2263 1291 2496 1365 ebrius

398 1391 515 1457 vir
560 1391 994 1480 tyrannicum
1041 1391 1381 1477 quendam
1406 1392 1717 1463 animum
1758 1391 2012 1458 habet?
2056 1392 2278 1460 Habet
2305 1414 2490 1463 vero.

395 1495 488 1567 Et
514 1498 672 1560 sane
699 1493 821 1581 qui
855 1493 1028 1560 furit
1063 1508 1430 1583 menteque
1458 1506 1803 1587 permotus
1834 1495 1924 1562 est
1954 1516 2097 1562 non
2118 1493 2325 1561 modo
2356 1494 2495 1561 ho-

395 1597 725 1676 minibus,
769 1618 1018 1663 verum
1065 1598 1273 1665 etiam
1318 1597 1448 1664 diis
1492 1611 1778 1668 conatur
1810 1596 2154 1689 imperare
2178 1598 2387 1686 seque
2416 1595 2493 1665 id

392 1701 573 1786 pofl'e
599 1698 951 1766 existimat.
998 1697 1176 1766 Sane
1205 1701 1508 1786 quidem,
1540 1699 1789 1788 inquit.
1832 1700 2277 1788 Tyrannione
2301 1723 2491 1785 vero,

389 1802 708 1891 inquam,
756 1825 797 1867 o
823 1803 1371 1890 praestantiffime
1401 1803 1549 1884 vir,
1592 1804 1796 1892 plane
1824 1802 2086 1885 exfistit,
2130 1820 2345 1889 quum
2374 1802 2491 1871 vel

387 1919 641 1974 natura
679 1905 792 1971 vel
827 1905 1055 1970 studiis
1094 1904 1207 1970 vel
1253 1915 1545 1988 utroque
1589 1903 1886 1970 ebriosus
1914 1915 1981 1970 et
2020 1902 2392 1971 amatorius
2417 1913 2492 1972 ot

388 2007 670 2083 insanus,
698 2007 960 2072 exfistit.
1045 2005 1329 2070 Prorsus
1353 2026 1464 2070 rea
1492 2007 1561 2070 se
1588 2006 1674 2071 fio
1704 2005 1932 2075 habet.
2043 2051 2047 2054 <

562 2108 826 2175 Exfistit
850 2105 1142 2193 quidem,
1174 2118 1252 2172 ut
1284 2120 1491 2196 patet,
1533 2107 1632 2176 ita
1659 2108 2048 2177 huiusmodi
2075 2106 2218 2187 vir,
2264 2107 2483 2181 vitam

386 2236 561 2282 vero
593 2211 866 2302 qualem
897 2207 1124 2297 degit?
1167 2209 1260 2276 Ut
1301 2209 1616 2278 ludentes
1646 2210 1901 2294 dicunt,
1945 2210 2194 2299 inquit,
2239 2211 2371 2278 hoc
2399 2222 2483 2279 tu

381 2315 556 2385 mihi
584 2334 856 2402 quoque
883 2307 1206 2380 narrabit.
1261 2313 1483 2382 Narro
1497 2314 1730 2403 figitur.
1775 2314 2072 2382 arbitror
2097 2314 2303 2389 enim,
2339 2314 2480 2382 diez

381 2418 577 2486 festos
605 2414 935 2483 celebrari
964 2415 1145 2505 apud
1180 2438 1294 2480 eos
1339 2426 1409 2483 et
1437 2416 1941 2484 comifl'ationes.
1960 2430 2028 2485 et
2057 2418 2288 2505 epulas
2319 2418 2481 2483 lau-

321 2542 331 2564 ··
380 2519 588 2588 tiores
616 2530 687 2586 et
718 2519 972 2585 amicas
996 2531 1065 2583 et
1103 2520 1333 2586 omnia
1360 2520 1660 2586 eiusdem
1690 2521 1967 2606 generis,
1995 2542 2288 2609 quorum
2318 2520 2479 2610 qui-

381 2625 542 2690 dem
585 2623 895 2697 animum
939 2620 1154 2688 Amor
1183 2630 1518 2708 tyrannus
1570 2621 1752 2688 intus
1802 2621 2115 2690 habitans
2142 2621 2476 2711 gubernat

376 2725 801 2792 universum.
885 2722 1155 2792 Neceffe
1199 2722 1324 2804 est,
1367 2721 1606 2808 inquit.
1691 2722 1934 2791 Nonne
1979 2725 2186 2814 igitur
2217 2728 2475 2794 multae

377 2828 820 2896 vehementes
849 2824 1314 2893 adnascuntur
1344 2825 1743 2914 cupiditates
1772 2825 1845 2892 in
1889 2829 2180 2916 fingulos
2224 2828 2364 2894 dies
2401 2838 2473 2894 et

377 2941 632 3011 noctes,
675 2929 1059 3000 multarum
1084 2949 1328 3003 ⁸rerum
1352 2927 1781 3016 indigentes?
1822 2929 2081 2996 Multae
2114 2953 2302 2998 vero.
2349 2929 2472 3016 (ἶί-ἑ

376 3045 450 3099 to
481 3055 647 3100 vero
683 3033 1182 3098 consumuntur
1210 3033 1257 3098 fi
1285 3029 1574 3119 quisunt
1601 3030 1882 3106 reditus,
1926 3031 2239 3121 Quidni?
2281 3035 2472 3101 Post..

372 3137 504 3205 hac
534 3136 742 3224 igitur
778 3130 1519 3220 mutuationes„reique
1564 3131 2465 3217 familiariademinutiones.

373 3237 556 3309 Sane
613 3236 910 3326 quidem.
1000 3235 1244 3325 Quum
1307 3258 1479 3304 vero
1530 3235 1763 3304 omnia
1813 3231 2179 3320 deficiunt,
2237 3229 2482 3309 nonne¹

372 3344 636 3411 necesse
688 3342 781 3407 est
830 3338 1226 3428 cupiditates
1271 3341 1641 3407 clamorem
1679 3340 1915 3407 tollere
1954 3339 2347 3427 frequentes
2384 3359 2467 3404 ao

372 3445 810 3511 vehementes
852 3443 928 3508 in
964 3442 1125 3508 nido
1171 3441 1665 3525 delitescentes,
1724 3455 1793 3509 et
1829 3443 1982 3511 illos
2028 3454 2376 3529 tamquam
2421 3464 2465 3509 a

372 3545 654 3613 stimulis
694 3543 977 3631 agitatos
1024 3567 1238 3632 quum
1281 3568 1323 3610 a
1357 3544 1593 3611 ceteris
1624 3543 2101 3635 cupiditatibus
2132 3552 2280 3609 tum
2312 3566 2463 3611 ma-

370 3646 564 3715 xime
592 3645 677 3713 ab
707 3644 848 3735 ipso
880 3647 1176 3730 Amore,
1226 3671 1464 3715 omnes
1494 3648 1788 3737 reliquas
1830 3659 2180 3732 tamquam
2211 3647 2465 3724 satelli-‚-

367 3761 471 3817 tes
509 3751 819 3834 ducente,
861 3748 1091 3832 furere
1119 3764 1189 3822 et
1216 3773 1545 3841 quaerere
1577 3750 1725 3841 quis
1747 3749 1913 3837 quid
1938 3747 2216 3831 habeat,
2254 3773 2462 3837 quem

369 3852 661 3944 spoliare
707 3853 903 3943 poffit
950 3852 1355 3921 defraudans
1398 3856 1515 3921 vel
1550 3852 1838 3939 cogens?
1878 3850 2304 3936 Admodum,
2346 3854 2463 3919 in-

372 3955 539 4040 quit.
628 3956 927 4045 Oportet
951 3956 1160 4044 igitur
1189 3979 1302 4023 eos
1329 3939 1634 4060 undique
1661 3953 2007 4046 arripere,
2053 3967 2174 4021 aut
2202 3955 2461 4044 magnis

374 4057 729 4132 doloribus
773 4070 843 4124 et
869 4056 1272 4144 cruciatibus
1306 4049 1530 4124 affici.
1595 4058 1908 4150 Oportet.
1989 4045 2233 4129 Nonne
2272 4077 2462 4134 vero,
