2738 4600
1108 352 1618 424 TIMAEUS.
1979 406 1990 413 -
2277 356 2393 424 157

319 525 646 615 opinione
679 534 744 590 et
773 523 962 590 sensu
990 524 1273 591 rationis
1308 536 1587 611 experte
1614 524 2043 614 percipiatur,
2085 528 2400 616 gignatur

274 678 281 681 -
321 641 391 695 et
444 631 759 703 intereat,
823 650 950 693 nee
994 648 1316 716 umquam
1374 648 1537 691 vere
1580 628 1675 696 fit.
1731 653 1930 695 omne
1968 654 2171 715 porro
2213 633 2399 721 quod

312 731 632 819 gignatur
672 751 759 794 ex
797 728 1021 814 aliqua
1064 729 1256 795 eausa
1291 733 1545 793 necesse
1584 735 1710 796 effe
1745 733 1962 818 gigni3
2005 735 2168 801 nihil
2208 737 2395 801 enim

313 841 493 924 posse
525 836 720 900 causa
754 831 1006 897 sublata
1046 844 1275 897 ortum
1306 829 1579 896 habere.
1642 835 2119 919 cuiuscumque
2164 848 2396 902 autem

315 937 540 1022 operis
570 936 844 1002 effector
871 934 1000 1000 hoc
1022 934 1368 999 intueatur
1403 936 1580 1020 quod
1614 936 1880 1023 semper
1914 938 2150 1003 eodem
2189 940 2392 1005 modo

320 1041 412 1104 est
444 1038 709 1124 eiusque
743 1036 1025 1124 speciem
1067 1056 1146 1105 ae
1193 1035 1332 1102 vim
1366 1037 1740 1126 exprimat,
1798 1038 1926 1102 hoe
1971 1038 2087 1103 fibi
2135 1062 2394 1126 propo-

315 1162 484 1205 nens
517 1139 896 1228 exemplar,
943 1142 1361 1226 praeclarum
1407 1141 1477 1204 id
1517 1143 1870 1206 neceffario
1908 1140 2003 1204 ita
2044 1141 2257 1218 effici,
2303 1144 2394 1206 sm

317 1252 537 1307 autem
564 1243 631 1307 id
663 1241 845 1328 quod
871 1241 1178 1328 gignitur,
1204 1255 1438 1308 natum
1465 1242 1578 1309 fibi
1609 1263 1993 1328 proponens
2022 1246 2402 1330 exemplar,

312 1366 452 1411 non
487 1346 931 1429 praeclarum.
978 1366 1180 1409 omne
1208 1343 1412 1429 igitur
1436 1344 1694 1411 caelum
1727 1347 1857 1410 five
1892 1347 2215 1423 mundum,
2261 1348 2395 1410 five

312 1469 446 1532 quo
490 1447 623 1535 alio
670 1446 996 1513 vocabulo
1040 1446 1286 1532 gaudet
1332 1445 1459 1511 hoc
1499 1471 1539 1511 a
1582 1448 1775 1512 nobis
1821 1459 2246 1535 nuncupatus
2290 1448 2393 1527 fit,

232 1544 237 1547 ’
308 1550 424 1614 sed
462 1549 549 1614 de
592 1549 725 1615 hoc
770 1547 1067 1635 primum
1115 1548 1662 1617 considerandum
1710 1550 1891 1634 qued
1941 1548 2269 1636 principio
2315 1548 2391 1614 in

310 1652 503 1716 omni
534 1651 905 1740 quaestione
942 1653 1340 1718 considerari
1393 1661 1692 1739 oportet,
1749 1653 2101 1738 semperne
2159 1649 2388 1733 fuerit,

311 1765 502 1818 ortus
543 1752 811 1820 initium
851 1755 1109 1820 nullum
1156 1754 1459 1831 sumens,
1518 1774 1603 1816 an
1653 1764 1851 1818 natus
1897 1754 2009 1829 fit,
2064 1752 2148 1818 ab
2198 1752 2390 1817 initio
2453 1759 2466 1773 ¹

308 1856 537 1942 aliquo
561 1856 765 1919 orsus·
792 1866 989 1920 natus
1018 1857 1143 1930 est;
1176 1854 1481 1918 cernitur
1515 1854 1697 1919 enim
1726 1864 1790 1917 et
1819 1854 2117 1945 tangi-tur
2144 1864 2212 1917 et
2245 1875 2391 1918 eor-

307 1981 437 2045 pus
452 1957 699 2032 habet3
746 1956 977 2021 omnia
1016 1967 1239 2020 autem
1267 1954 1422 2019 talia
1461 1956 1721 2021 sensum
1758 1966 2068 2036 movent,
2114 1967 2179 2020 et
2212 1977 2391 2039 quae

307 2061 575 2125 sensum
591 2069 887 2137 movent,
901 2056 1218 2143 opinione
1232 2068 1301 2120 et
1316 2057 1505 2122 sensu
1532 2058 2181 2146 comprehendenda,
2193 2056 2378 2143 gigni

311 2174 596 2248 ortaque
629 2164 755 2227 effe
782 2159 1117 2237 diximus;
1161 2158 1228 2222 id
1257 2171 1483 2225 autem
1521 2161 1696 2245 quod
1731 2174 1954 2225 ortum
1988 2161 2219 2239 habet,
2267 2161 2381 2225 di·-

311 2265 531 2331 cimus
547 2287 587 2329 a
605 2265 795 2330 causa
806 2263 1024 2350 aliqua
1041 2259 1419 2349 profectum
1436 2265 1505 2328 fit
1535 2267 1787 2330 necefle
1806 2269 1952 2330 effe.
1983 2274 2182 2348 atque
2208 2262 2381 2329 effe-

307 2380 562 2434 ctorem
590 2367 858 2453 quidem
876 2375 944 2428 et
971 2376 1313 2451 parentem
1355 2365 1558 2432 huius
1581 2365 2029 2436 univerfitatis
2066 2366 2382 2453 indagare

312 2469 585 2536 difficile
616 2479 686 2533 et
715 2489 922 2551 quum
948 2465 1373 2552 indagaveris
1391 2467 1705 2545 omnibus
1738 2490 1894 2532 eum
1919 2465 2215 2531 indicare
2242 2490 2382 2533 non

307 2569 521 2658 potes}
540 2571 670 2634 hoc
693 2571 924 2633 rursus
946 2568 1321 2635 videndum
1342 2581 1572 2636 utrum
1601 2572 1675 2634 fit
1704 2568 2005 2656 imitatus
2034 2567 2380 2656 exemplar

244 2689 248 2694 ’
309 2673 518 2739 huius
532 2669 754 2756 operis
778 2669 1164 2747 fabricator,
1199 2672 1358 2736 idne
1379 2670 1560 2756 quod
1593 2671 1856 2754 semper
1878 2692 2014 2734 uno
2043 2681 2119 2735 et
2142 2670 2378 2737 eodem

309 2771 520 2841 medo
537 2775 603 2837 se
644 2770 864 2851 habet,
898 2794 983 2835 an
1008 2771 1075 2837 id
1104 2772 1280 2857 quod
1300 2782 1689 2859 generatum
1705 2773 1808 2837 est.
1827 2772 2007 2856 atqui
2034 2772 2378 2861 fipulcher

310 2881 401 2944 est
431 2876 542 2941 hic
569 2875 887 2955 mundum,
932 2874 979 2938 fi
1010 2873 1262 2961 probus
1293 2874 1435 2939 eius
1464 2872 1727 2953 artifex,
1747 2873 2049 2962 profecto
2081 2877 2374 2965 speciem

308 2977 724 3046 aeternitatis
764 2977 1018 3041 imitari
1066 2976 1341 3059 maluit,
1396 2978 1494 3042 fin
1535 2978 1751 3058 senua,
1822 2979 2001 3062 quod
2057 3001 2144 3043 ne
2189 2964 2382 3045 dictu

309 3082 578 3167 quidem
607 3079 708 3144 fas
732 3082 852 3160 est,
896 3090 1284 3165 generatum
1320 3081 1627 3166 expresfit
1663 3082 2027 3167 exemplar.
2076 3104 2213 3146 non
2244 3082 2377 3167 igi-

294 3198 422 3252 tur
447 3184 728 3250 dubium
755 3182 916 3269 quin
944 3191 1295 3250 aeternum
1323 3164 1401 3245 'fit
1425 3182 1761 3254 imitatus;
1795 3182 1907 3245 ille
1925 3185 2106 3248 enim
2140 3205 2376 3250 rerum

305 3298 772 3375 generatarum
796 3281 1255 3372 pulcherrima
1285 3284 1405 3361 est,
1451 3293 1516 3345 et
1542 3281 1653 3348 hic
1681 3296 2031 3351 auc-torum
2062 3285 2373 3369 optimus,

304 3389 398 3455 ita
430 3388 630 3474 igitur
642 3395 996 3474 generatus
1021 3383 1105 3448 ad
1130 3383 1198 3448 id
1227 3383 1403 3468 quod
1421 3384 1685 3451 ratione
1710 3387 2163 3475 sapientiaque
2191 3406 2373 3449 com-

304 3487 757 3578 prehenditur·
788 3498 855 3552 et
896 3486 1141 3551 eodem
1170 3488 1434 3575 semper
1482 3492 1688 3556 modo
1734 3493 1802 3555 se
1839 3489 2045 3555 habet
2095 3485 2369 3550 effectus

303 3594 415 3658 est.
475 3611 650 3676 quae
678 3611 886 3677 quum
914 3587 1008 3654 ita
1039 3589 1167 3653 fint
1186 3637 1208 3670 ,
1259 3590 1523 3676 prorsus
1555 3596 1806 3659 necesse
1841 3592 1925 3653 est
1955 3589 2136 3653 hune
2167 3608 2371 3671 quem

304 3692 644 3759 cernimus
670 3691 1005 3757 mundum
1034 3693 1456 3758 simulacrum
1486 3692 1763 3760 alicuius
1789 3694 1912 3756 esse
1938 3688 2363 3775 exemplaris.

302 3795 682 3866 maximum
721 3808 950 3866 autem
994 3795 1083 3863 est
1123 3793 1447 3893 cuiusque
1481 3796 1585 3865 rei
1620 3791 1972 3864 exordium
2009 3791 2372 3863 secundum
