2738 4600
1209 347 1667 420 carrus,
1972 385 1976 392 -
2052 353 2057 360 ·
2363 339 2494 431 309

404 526 522 594 nia
547 524 679 592 rite
706 523 901 590 erant
926 532 1274 611 apparata.
1354 521 1457 589 Ac
1485 541 1727 609 regum
1755 519 2032 610 quidem
2066 515 2490 589 domicilium

403 629 499 695 ita
547 638 693 694 erat
731 623 1167 700 instructuim
1211 634 1455 712 portua
1481 645 1647 689 vero
1682 635 1825 692 tres
1849 623 2216 692 exteriores
2255 634 2490 689 trane-

403 721 696 817 gressum
729 750 970 796 murus
1000 725 1374 822 excipiebat
1401 748 1445 793 a
1478 748 1692 815 usque
1716 729 1895 795 mari
1930 728 2163 795 omnia
2186 726 2520 814 cingens,-

290 841 294 852 '
404 832 523 919 qui
552 830 1036 920 quinquaginta
1071 830 1278 898 stadia
1305 852 1349 897 a
1385 828 1687 898 maximo
1714 832 1882 899 orbe
1919 843 1989 899 et
2015 841 2220 923 portu
2253 826 2490 894 aberat

405 934 597 1001 omni
633 956 721 1000 ex
764 945 994 1023 parte,
1048 947 1116 1002 et
1155 932 1595 1001 concludebat
1636 933 1838 1002 fossae
1874 933 2113 1003 ostium
2160 929 2249 999 ad
2293 950 2489 997 mare

404 1038 658 1105 versus·
726 1048 798 1103 et
835 1038 1013 1106 hanc
1055 1037 1334 1125 quidem
1379 1046 1591 1104 totam
1619 1037 1972 1126 regionem
2007 1035 2268 1106 multae
2315 1032 2488 1099 den-

401 1140 645 1225 saeque
684 1138 1135 1208 habitationes
1177 1137 1641 1258 occupabant,
1687 1142 1865 1208 finus
1901 1162 2069 1208 vero
2107 1136 2486 1206 maximus-

402 1263 540 1329 que
565 1253 809 1331 portus
832 1242 1219 1311 abundabat
1244 1241 1528 1328 navigiis
1565 1254 1636 1309 et
1660 1243 2152 1312 mercatoribus
2181 1239 2486 1325 undique

400 1342 936 1430 confluentibus,
994 1346 1115 1448 qui
1174 1344 1772 1426 vociferationem,
1827 1346 2205 1414 tumultum
2259 1338 2515 1407 omnie'

400 1446 666 1534 generis
696 1458 766 1513 et
787 1439 1138 1539 strepitum
1179 1450 1324 1517 dies
1365 1460 1731 1537 noctesque
1770 1459 2058 1542 propter
2087 1441 2486 1515 multitudi-

400 1572 565 1617 nem
602 1549 913 1617 edebant.

568 1741 678 1807 De
717 1737 894 1808 urbe
931 1751 1001 1807 et
1035 1741 1313 1829 antiqua
1347 1740 1765 1812 habitatione
1795 1742 1973 1818 fere,
2014 1752 2097 1808 ut
2130 1750 2296 1806 tunc
2331 1745 2484 1801 tra-

401 1842 716 1919 debatur,
738 1865 926 1911 nunc
952 1846 1325 1934 expositum
1347 1847 1471 1922 est,
1454 1875 1471 1890 ·
1504 1847 1806 1935 reliquae
1828 1848 1971 1914 iam
1996 1840 2288 1933 regionis
2316 1859 2479 1925 quo·

397 1947 603 2014 modo
632 1959 878 2013 natura
902 1950 972 2012 se
997 1946 1310 2014 habuerit
1348 1960 1420 2013 et
1446 1949 1943 2017 constitutionis
1969 1947 2223 2037 species
2259 1936 2481 2028 qualis

395 2050 611 2116 fuerit
635 2070 1177 2120 commemorare
1200 2051 1587 2125 conandum
1611 2054 1724 2118 est.
1766 2074 1845 2118 ac
1862 2049 2167 2139 primum
2196 2043 2477 2130 quidem

397 2153 583 2219 locus
610 2162 792 2217 totus
820 2131 1173 2220 dicebatur
1189 2152 1561 2221 admodum
1579 2154 1792 2220 editus
1822 2164 1890 2219 et
1916 2158 2321 2241 praeruptus
2351 2164 2480 2233 per

391 2276 591 2323 mare
621 2252 972 2342 effe,regio
995 2266 1226 2338 autem
1253 2254 1434 2323 circa
1468 2257 1708 2325 urbem
1736 2253 2052 2323 universa
2072 2245 2480 2342 campestris,

392 2361 580 2427 illam
642 2358 917 2447 quidem
966 2356 1274 2442 cingens,
1344 2360 1491 2448 ipsa
1540 2382 1705 2426 vero
1770 2358 2206 2424 circumcirca
2260 2351 2479 2418 cincta

395 2460 740 2529 montibus
778 2481 996 2546 usque
1032 2460 1119 2526 ad
1160 2483 1351 2527 mare
1382 2461 1712 2565 demisfie,
1755 2459 1928 2527 levis
1969 2470 2034 2524 et
2064 2457 2308 2546 plana,
2348 2449 2478 2515 ob-

393 2567 601 2649 longa
627 2583 793 2628 vero
819 2573 984 2636 tota,
1028 2580 1120 2628 ex
1151 2564 1359 2632 altera
1380 2577 1575 2656 parte
1607 2562 1813 2630 stadia
1837 2573 1942 2630 ter
1970 2557 2177 2642 mille,
2220 2557 2293 2622 in
2320 2575 2477 2620 me·-

395 2658 511 2728 dio
542 2685 583 2728 a
609 2662 787 2728 mari
821 2663 934 2727 sm
937 2665 1080 2729 sum
1115 2664 1214 2730 bis
1244 2667 1448 2733 mille.
1504 2670 1692 2735 locus
1724 2676 1955 2731 autem
1982 2660 2094 2731 hic
2119 2656 2330 2725 totius
2358 2653 2476 2720 in·-

393 2765 575 2833 l'ulae
602 2764 691 2830 ad
716 2763 919 2831 austri
955 2778 1185 2853 partes
1209 2771 1575 2834 conversus
1607 2779 1785 2850 erat,
1825 2770 1910 2835 ad
1939 2761 2477 2853 septentrionem

391 2868 479 2935 ab
518 2865 834 2954 aquilone
859 2879 1232 2958 protectus.
1281 2882 1548 2937 montes
1575 2893 1744 2937 vero
1777 2868 1893 2956 qui
1933 2880 2100 2934 tunc
2134 2887 2293 2934 eum
2323 2860 2476 2926 cin-

391 2971 639 3058 gebant
679 2969 873 3058 copia
925 2984 994 3038 et
1030 2972 1501 3060 magnitudine
1543 2982 1610 3039 et
1651 2969 2156 3062 pulchritudine
2195 2962 2477 3057 praedi-

393 3073 719 3141 cabantur
772 3073 1087 3143 omnibus
1138 3076 1257 3162 qui
1300 3099 1484 3143 nunc
1529 3077 1686 3141 funt
1742 3072 2160 3160 praestitiffe‚
2216 3067 2473 3136 multos

389 3175 668 3262 quidem
697 3175 883 3242 vicos
915 3186 981 3241 et
1009 3176 1251 3243 divites
1274 3179 1663 3245 accolarum
1702 3175 1775 3242 in
1815 3179 1882 3242 se
1919 3174 2288 3251 habentes,
2329 3168 2471 3235 flu-

390 3278 550 3343 vios·
582 3298 789 3364 porro
832 3286 900 3341 et
941 3278 1165 3364 stagna
1206 3290 1273 3343 et
1318 3290 1514 3366 prata
1539 3278 1851 3345 omnibus
1891 3289 1961 3345 et
2006 3271 2369 3344 mansuetis
2401 3278 2474 3333 et

387 3377 554 3444 feris
582 3374 1037 3444 animantibus
1069 3379 1226 3446 satis
1258 3379 1564 3448 alimenti
1605 3379 2036 3470 praebentia,
2083 3377 2497 3465 sylvamque,

389 3479 569 3546 etad
601 3477 863 3566 copiam
895 3489 964 3544 et
985 3478 1069 3545 ad
1100 3492 1345 3566 genera
1372 3484 1635 3551 variam
1663 3482 2026 3570 omniaque
2055 3479 2139 3547 ad
2171 3498 2403 3565 opera
2402 3484 2469 3538 et

388 3581 476 3647 ad
514 3581 768 3669 singula
791 3581 1065 3666 largam.
1098 3582 1194 3649 ita
1220 3583 1433 3670 igitur
1464 3606 1746 3674 campus
1784 3596 2025 3653 natura
2058 3575 2467 3666 etaregibus
2568 3611 2573 3620 ·

385 3683 624 3753 multis
640 3685 892 3751 multoe
922 3705 1048 3772 per
1062 3707 1273 3755 annos
1305 3689 1616 3754 excultus
1645 3699 1810 3755 erat.
1838 3686 2207 3776 quadratus
2237 3692 2467 3747 autem

385 3784 531 3854 erat
562 3809 654 3852 ex
680 3785 978 3864 maxima
1004 3799 1200 3876 parte
1225 3800 1451 3853 rectus
1479 3800 1545 3853 et
1559 3788 1907 3879 oblongus,
1925 3804 1994 3855 et
2009 3786 2191 3877 quod
2224 3808 2267 3852 a
2287 3793 2474 3853 recta

384 3888 568 3956 linea
596 3887 850 3970 aberat,
876 3887 944 3954 id
977 3887 1399 3978 dirigebatur
1420 3889 1586 3958 foss'a
1608 3890 2045 3960 circumcirca
2079 3887 2318 3973 ducta3
2352 3906 2478 3948 cu-

385 3990 492 4058 ius
541 3990 870 4077 altitudo,
910 3990 1196 4062 latitudo
1242 4003 1313 4061 et
1343 3994 1693 4082 longitudo
1731 3992 2154 4066 incredibiles
2196 3985 2478 4079 quidem
