2738 4600
1087 364 1589 437 TIMAEUS.
2257 365 2385 437 223

295 540 579 611 humido
606 537 1045 606 evanescente
1077 540 1328 605 colores
1359 539 1682 605 exsistunt
1704 563 1789 605 ex
1818 539 1946 606 hac
1969 539 2411 629 permixtio--

297 669 388 714 ne
418 644 586 711 varii
622 644 983 729 omnisque
1017 641 1299 730 generis,
1343 643 1523 708 hanc
1541 644 1752 732 igitur
1778 644 2200 710 affectionem
2239 642 2388 709 ful-

294 771 531 838 gorem
564 768 897 812 vocamus
928 755 992 809 et
1015 743 1085 809 id
1110 745 1289 838 quod
1322 769 1469 811 eam
1491 745 1698 813 infert
1724 745 2143 835 splendidum
2177 760 2242 812 et
2270 749 2387 812 lu-

296 873 456 917 cens
509 869 1005 937 nuncupamus.
1078 847 1251 934 ignis
1298 871 1510 936 porro
1551 872 1768 937 genus
1812 852 1992 915 inter
2025 849 2388 924 haecme-

293 941 512 1029 diurni
558 953 737 1040 quod
765 951 848 1015 ad
876 949 1228 1018 oculorum
1261 951 1543 1038 quidem
1571 954 1937 1019 humorem
1965 953 2284 1041 pervenit
2317 962 2389 1017 et

297 1081 456 1124 cum
492 1080 573 1122 eo
605 1057 940 1137 miscetur,
981 1073 1207 1141 neque
1234 1066 1463 1122 tamen
1488 1058 1692 1140 lucet,
1725 1058 1837 1123 sed
1870 1078 1994 1143 per
2023 1057 2388 1120 humorem

297 1177 460 1227 cum
501 1158 675 1248 ignis
718 1158 1078 1248 splendore
1116 1159 1434 1226 miscetur
1475 1160 2059 1250 sanguineumque
2091 1159 2389 1223 colorem

292 1253 600 1343 exhibet,
625 1320 630 1324 .
654 1263 950 1328 rubrum
987 1261 1443 1347 appellamus;
1508 1273 1577 1327 et
1616 1263 2040 1351 splendidum
2081 1284 2238 1327 cum
2264 1285 2391 1326 ru·-

289 1363 418 1434 bro
443 1379 515 1432 et
550 1366 703 1434 albo
749 1363 1051 1430 mixtum
1092 1360 1171 1427 fit
1203 1360 1511 1437 flavum3
1579 1380 1832 1453 quanta
1880 1388 2047 1431 vero
2097 1362 2391 1449 fingule-

291 1491 454 1535 rum
496 1469 581 1535 fit
618 1467 974 1541 mensura,
1020 1462 1168 1545 hoc,
1219 1486 1346 1529 nec
1376 1466 1423 1530 fi
1465 1465 1617 1550 quis
1647 1466 1831 1544 sciat,
1876 1467 2279 1554 prudentiae
2309 1467 2391 1531 fit

295 1571 541 1654 dicere,
584 1590 884 1659 quorum
915 1587 1140 1652 neque
1168 1565 1614 1634 neceffitatem
1648 1568 1940 1654 aliquam
1969 1590 2193 1656 neque
2219 1593 2391 1659 pro-

291 1675 588 1741 babilem
617 1670 951 1739 rationem
978 1669 1134 1734 satis
1169 1669 1315 1760 quis
1343 1669 1648 1757 potuerit
1676 1670 1936 1738 afferre.
1951 1671 2243 1736 rubrum
2261 1694 2390 1734 ve-

292 1800 378 1846 ro
412 1798 570 1842 cum
601 1774 797 1859 nigro
831 1785 903 1838 et
944 1771 1097 1840 albo
1127 1782 1586 1860 temperatum
1622 1794 2052 1861 purpureum
2086 1772 2186 1853 fit,
2233 1771 2413 1835 sub--

293 1880 563 1948 fuscum
612 1889 886 1961 autem,
929 1873 1197 1963 quando
1239 1873 1347 1938 his
1391 1874 1774 1940 commixtis
1802 1885 1872 1938 et
1914 1873 2064 1939 ustis
2094 1873 2247 1959 plus
2280 1872 2393 1937 ni-

292 1983 404 2071 gri
432 1980 862 2047 admiscetur.
906 1975 1144 2044 rufum
1179 1995 1270 2042 ex
1298 1975 1435 2042 albi
1477 1989 1543 2042 et
1573 1976 1738 2042 fusci
1771 1975 2222 2064 permixtione
2259 1998 2396 2040 na-

293 2087 545 2167 scitur,
588 2083 860 2150 suscum
897 2104 984 2147 ex
1019 2079 1154 2153 albi
1201 2091 1270 2144 et
1296 2079 1476 2166 nigri
1517 2078 2027 2159 coniunctione,
2084 2090 2146 2145 et
2189 2079 2395 2167 palli-

297 2188 464 2254 dum
500 2206 716 2272 quum
763 2184 997 2250 album
1041 2205 1198 2249 cum
1240 2179 1424 2246 flavo
1459 2181 1796 2248 miscetur.
1857 2182 2283 2268 splendidum
2343 2182 2392 2246 fi

298 2311 458 2357 cum
490 2286 645 2354 albo
664 2298 1091 2378 temperatur
1126 2283 1290 2351 etin
1320 2276 1592 2372 nig'rum
1609 2285 1953 2373 copiosum
1981 2285 2237 2359 incidit,
2268 2309 2394 2351 co-

295 2395 404 2460 lor
432 2391 721 2457 efficitur
752 2392 1119 2473 caeruleus,
1138 2389 1450 2455 caeruleo
1471 2412 1633 2456 cum
1667 2389 1819 2453 albo
1845 2400 2220 2475 temperato
2237 2412 2395 2453 cae-

298 2495 451 2574 lius,
494 2504 562 2558 et
587 2491 746 2560 rufo
783 2493 1165 2580 cumnigro
1192 2490 1446 2560 viridis.
1483 2491 1733 2576 reliqui
1764 2502 1991 2557 autem
2016 2494 2270 2556 colores
2303 2511 2394 2556 ex

293 2595 402 2662 his
445 2595 849 2681 perspicitur
883 2595 1126 2683 quibus
1153 2592 1494 2660 assimilati
1524 2590 2090 2682 permixtionibus
2120 2592 2392 2656 servent

293 2694 724 2788 probabilem
751 2696 1142 2766 orationem.
1189 2697 1234 2760 fi
1269 2694 1416 2780 quis
1443 2708 1675 2771 autem
1699 2715 1943 2762 revera
1970 2679 2408 2779 confiderem,

295 2800 386 2866 do
413 2799 667 2866 horum
701 2799 1085 2889 periculum
1113 2795 1351 2876 faciat,
1398 2798 1457 2865 is
1480 2799 1823 2865 humanae
1855 2812 1924 2865 et
1953 2798 2227 2866 divinae
2257 2822 2383 2864 na-

292 2914 485 2969 turae
508 2901 874 2969 discrimen
909 2898 1196 2987 ignoret,
1241 2902 1450 2970 deum
1478 2901 1788 2999 videlicet
1814 2905 2036 2970 multa
2067 2904 2143 2969 in
2171 2924 2392 2969 unum
2450 2934 2453 2937 1

223 3044 228 3049 ·
290 3011 471 3096 poffe
509 3006 943 3072 commiscere
988 3005 1354 3091 rursusque
1386 3028 1603 3074 unum
1642 3006 1723 3073 in
1746 3008 1964 3073 multa
1994 3006 2389 3085 dissolvere,
2440 3051 2446 3057 ·

297 3108 555 3198 quippe
583 3107 856 3175 scientia
897 3117 964 3172 et
988 3106 1288 3196 potentia
1317 3109 1721 3195 praeditum,
1764 3110 2134 3177 hominum·
2155 3120 2392 3174 autem

294 3211 563 3278 nullum
586 3211 670 3275 ad
704 3211 1073 3298 quicquam
1094 3208 1346 3277 horum
1361 3211 1788 3278 efficiendum
1817 3235 2037 3301 neque
2060 3234 2244 3278 nunc
2261 3232 2394 3275 va·-

293 3315 439 3383 lere
461 3336 683 3401 neque
715 3313 788 3379 in
820 3314 1164 3402 posterum
1192 3334 1519 3398 umquam
1545 3313 1920 3383 valiturum
1955 3321 2100 3382 essb.

469 3416 654 3483 Haec
690 3415 897 3500 igitur
918 3414 1148 3481 omnia
1172 3426 1324 3483 tum
1350 3417 1448 3482 ita
1486 3430 1878 3506 comparata
1908 3440 2000 3483 ex
2036 3414 2393 3481 necessita·-

292 3530 365 3585 te
392 3517 841 3608 pulcherrimi
883 3529 948 3582 et
983 3518 1222 3606 optimi
1260 3519 1488 3609 operis
1528 3502 1813 3587 effector
1842 3522 1916 3585 in
1949 3519 2029 3582 iis
2061 3534 2238 3602 quae
2267 3538 2392 3602 ge·-

295 3622 444 3688 nita
471 3622 628 3685 sunt
666 3620 1013 3708 assumpsit
1036 3666 1057 3697 ,
1113 3643 1327 3708 quum
1371 3622 1573 3688 deum
1599 3632 1985 3712 procrearet
2013 3631 2232 3685 totum
2262 3640 2392 3705 ap-

245 3772 256 3787 *
298 3734 447 3803 tum
501 3747 591 3790 ex
625 3725 694 3787 se
740 3732 807 3787 et
846 3719 1423 3809 perfectiffimum‚
1469 3724 1799 3793 adhibens
1836 3722 2109 3811 quidem
2139 3721 2391 3789 harum

296 3850 526 3895 rerum
553 3825 797 3893 ιοειιιίὶιε
829 3824 1228 3907 servientes,
1281 3820 1455 3893 bene
1480 3849 1652 3895 vero
1679 3827 2111 3893 constitutum
2145 3825 2285 3914 ipse
2314 3825 2391 3893 in

299 3928 609 3996 omnibus
649 3949 823 4018 quae
863 3927 1088 4012 genita
1139 3931 1293 3996 sunt
1335 3928 1695 3996 fabricans.
1767 3928 2081 4016 quocirca
2122 3939 2392 4020 oportet

295 4033 462 4099 duas
492 4033 730 4099 causae
763 4030 1017 4118 species
1043 4051 1168 4098 nos
1195 4031 1632 4118 distinguere,
1680 4031 2109 4101 necessariam
2155 4054 2391 4111 unam,

296 4136 577 4203 alteram
606 4135 947 4222 divinam,
992 4147 1059 4202 et
1088 4132 1390 4205 divinam
1419 4133 1695 4223 quidem
1723 4132 1796 4200 iu
1828 4133 2146 4203 omnibus
2177 4152 2397 4220 quae*
