2738 4600
1053 303 1587 372 TIMAEUS.
2118 328 2123 332 ·
2251 314 2379 380 225

293 503 451 551 rere
484 478 660 554 vitae
685 477 917 545 beatae
946 473 1409 563 adipiscendae
1440 477 1671 558 causa,
1730 492 2061 563 quantum
2093 490 2377 549 naturae

294 587 553 650 nostrae
589 583 771 662 licet,
816 576 1245 645 necessariam
1277 602 1445 643 vero
1473 578 1745 646 illorum
1774 585 2000 662 causa,
2043 597 2377 671 reputan-

292 699 397 752 tes
449 687 584 750 fine
611 675 726 749 hisi
763 703 903 748 non
935 681 1114 770 poffe
1161 681 1269 746 illa
1299 682 1476 770 ipsa,
1548 684 1635 748 ad
1689 703 1863 768 quae
1910 687 2195 753 studium
2240 711 2376 753 no·-
2460 735 2464 744 »

290 791 500 855 strum
531 785 969 865 conferamus,
1017 782 1156 848 sola
1187 783 1463 871 intelligi
1492 806 1709 871 neque
1733 788 2216 875 comprehendi
2246 783 2403 856 υθέ

293 912 427 979 que
455 890 589 955 alia
615 911 745 973 qua
777 886 1039 953 ratione
1064 885 1342 972 acquiri.

470 992 810 1082 Quoniam
853 988 1057 1073 igitur
1105 1010 1288 1053 nunc
1334 1000 1680 1074 tamquam
1716 988 1927 1056 fabris
1974 992 2170 1058 nobis
2220 1018 2374 1060 ma-

293 1095 469 1162 teria
529 1094 864 1182 proposita
919 1095 1077 1157 sunt
1146 1091 1500 1156 causarum
1562 1093 1813 1178 genera
1871 1093 1952 1156 ad
2017 1081 2373 1163 materiam

292 1209 722 1287 praeparata,
772 1218 809 1258 e
837 1193 1442 1286 quibus-reliquam
1481 1206 1753 1280 oportet
1785 1195 2167 1263 orationem
2199 1223 2373 1264 con-

293 1301 476 1381 texi,
530 1298 764 1366 rursus
809 1297 894 1362 ad
944 1295 1213 1361 initium
1257 1318 1378 1359 nos
1424 1298 1802 1362 referamus
1859 1300 2087 1386 paucis
2141 1301 2370 1366 verbis

288 1401 643 1488 statimque
662 1399 902 1463 eodem
923 1398 1280 1462 redeamus
1301 1398 1481 1461 unde
1502 1397 1631 1462 huc
1651 1399 2158 1481 declinavimus,
2179 1415 2248 1469 et
2277 1404 2367 1469 fi-

290 1528 452 1573 nem
484 1505 619 1569 iam
635 1502 1277 1584 conclusionemque
1298 1520 1629 1564 conemur
1650 1501 1937 1566 orationi
1959 1507 2370 1571 convenien-

255 1617 433 1671 .tem
484 1605 842 1690 imponere
864 1605 1062 1690 supra
1095 1602 1310 1668 dictis.
1384 1604 1950 1688 quemadmodum
1995 1605 2183 1671 initio
2229 1609 2369 1674 iam

288 1705 890 1780 monuimus,haec
922 1727 1132 1791 quum
1164 1704 1550 1769 inordinata
1584 1708 1807 1785 effent,
1839 1708 2000 1772 deus
2032 1708 2276 1792 cuique
2303 1721 2372 1773 et

291 1809 379 1874 ad
410 1808 723 1897 seipsum
754 1819 821 1871 et
856 1805 936 1870 ad
974 1818 1198 1871 cetera
1220 1805 1789 1884 ‘convenientiam
1821 1806 2082 1887 iniecit,
2128 1821 2373 1893 quate-

288 1934 417 1978 nus
461 1920 781 1999 poterant
818 1908 1230 2001 respondere
1260 1909 1441 1971 inter
1464 1910 1531 1970 se
1562 1921 1767 1995 atque
1793 1910 2173 1977 convenire.
2206 1924 2368 1976 tunc

290 2010 471 2078 enim
504 2031 725 2097 neque
752 2010 1112 2096 quicquam
1159 2010 1403 2075 horum
1439 2012 1712 2097 compos
1744 2023 1889 2079 erat
1915 2014 2028 2078 nisi
2059 2012 2366 2080 forteca-

285 2118 395 2210 ζα,
443 2137 661 2200 neque
692 2114 971 2179 omnino
1004 2113 1366 2199 quicquam
1399 2133 1637 2176 eorum
1686 2135 1861 2199 quae
1904 2139 2084 2180 nunc
2130 2119 2369 2205 appel-

284 2219 523 2285 lantur
556 2217 833 2302 dignum
864 2227 1007 2280 erat
1032 2216 1212 2303 quod
1244 2216 1373 2280 hoc
1404 2215 1682 2279 nomine
1711 2219 2124 2304 fignaretur,
2172 2222 2369 2286 velut

285 2322 457 2409 ignis
504 2332 571 2384 et
609 2342 783 2405 aqpa
824 2329 892 2383 et
929 2318 1349 2404 reliquorum
1406 2318 1700 2404 aliquid3
1776 2321 1886 2385 fed
1933 2322 2162 2386 omnia
2201 2324 2368 2387 haec

288 2425 585 2514 primum
630 2423 702 2488 iu
741 2421 1043 2487 ordinem
1082 2420 1408 2501 adduxit,
1452 2421 1697 2488 deinde
1727 2445 1816 2488 ex
1845 2423 1951 2486 his
1980 2425 2366 2489 universum

288 2528 496 2595 hocce
523 2525 929 2611 composuit,
990 2524 1235 2588 animal
1280 2545 1499 2587 unum
1540 2536 1779 2588 cuncta
1819 2523 1891 2587 in
1926 2526 1985 2588 se
2021 2527 2368 2590 continens

203 2698 208 2705 ,
290 2629 607 2695 animalia
632 2639 771 2691 tam
799 2624 1116 2688 mortalia
1162 2647 1363 2710 quam
1396 2623 1830 2692 immortalia.
1876 2647 1953 2690 ac
1979 2626 2366 2692 divinorum

291 2730 567 2817 quidem
601 2728 738 2811 ipse
764 2726 994 2790 exfistit
1020 2724 1404 2805 fabricator,
1450 2708 1836 2791 mortalium
1863 2749 2026 2793 vero
2048 2751 2367 2816 procrea-

292 2834 544 2899 tionem
576 2828 750 2916 proli
781 2831 939 2893 suae
965 2831 1326 2895 mandavit.
1361 2829 1432 2893 hi
1469 2840 1692 2893 autem
1713 2828 2048 2893 imitantes
2080 2841 2146 2894 et
2167 2830 2366 2919 prin-

291 2932 547 3022 cipium
594 2931 805 2996 animi
842 2929 1223 2998 immortale
1249 2934 1580 2996 sumentes
1614 2933 1898 2998 mortale
1929 2932 2170 2997 deinde
2206 2955 2364 2996 cor-

281 3058 419 3124 -pua
452 3034 517 3097 ei'
546 3032 1129 3098 circumdederunt
1158 3045 1220 3097 et
1252 3032 1628 3097 vehiculum
1662 3044 1873 3099 totum
1900 3056 2142 3119 corpus
2158 3056 2366 3120 prae-

290 3137 619 3214 buerunt,
664 3135 999 3221 aliamque
1032 3137 1319 3223 speciem
1369 3135 1575 3200 animi
1628 3135 1698 3199 in
1739 3159 1818 3199 eo
1861 3130 2363 3217 adstruxerunt,

288 3239 720 3304 vehementes
763 3253 829 3304 et
880 3239 1264 3305 necessarias
1302 3241 1375 3303 in
1421 3240 1487 3300 se
1529 3235 1894 3329 habpntem
1938 3236 2362 3315 affectiones3

284 3343 587 3431 primum
620 3342 1059 3428 voluptatem,
1102 3338 1476 3407 maximam
1508 3338 1843 3402 malorum
1876 3339 2124 3416 escam,
2170 3338 2365 3401 dein-

289 3444 379 3509 de
405 3444 683 3523 dolorm,
733 3443 1072 3507 malorum
1099 3442 1310 3527 fugas,
1357 3453 1707 3526 praeterea
1732 3440 2077 3505 audaciam
2116 3450 2183 3502 et
2210 3461 2366 3502 me·-

294 3559 460 3624 tum,
507 3557 804 3610 amentes
836 3543 1258 3616 confiliarioS,
1292 3553 1358 3605 et
1391 3541 1809 3607 iracundiam
1843 3539 2362 3626 implacabilem,

287 3651 614 3738 spemque
672 3669 842 3732 quae
897 3645 1096 3729 facile
1151 3643 1417 3709 ducitur
1454 3666 1493 3707 a
1529 3644 1716 3705 sensu
1765 3641 2043 3705 rationis
2087 3656 2365 3729 experte

292 3750 732 3835 omniumque
773 3746 1084 3813 molitore
1109 3768 1379 3821 amore;
1429 3758 1590 3828 q'uas
1617 3743 1892 3828 quidem
1923 3745 2366 3809 commiscen-

293 3863 387 3919 tes
418 3850 770 3918 neceffario
803 3850 1090 3915 mortale
1114 3873 1321 3937 genus
1336 3849 1870 3912 construxerunt.
1918 3855 1987 3908 et
2013 3844 2185 3909 hanc
2211 3846 2367 3933 qui-

292 3954 447 4021 dem
475 3953 560 4018 ob
594 3956 860 4020 causam
911 3965 1222 4018 verentes
1274 3951 1577 4016 divinum
1606 3948 1943 4033 polluere,
2005 3947 2120 4011 nisi
2170 3971 2365 4035 pror-

291 4050 401 4123 l'us
431 4061 678 4122 necesse
712 4068 880 4143 erat,
925 4057 1215 4122 seorsum
1241 4052 1328 4120 ab
1361 4054 1476 4119 illo
1505 4051 1838 4115 collocant
1865 4050 1936 4114 in
1951 4049 2082 4115 alio
2111 4073 2364 4139 corpo-

379 4161 552 4223 Tom·
607 4158 683 4222 V.
1879 4154 1930 4221 P
