2738 4600
1022 350 1472 449 ΡοιῙΤΙᾼ
1511 353 1642 427 1x.
1712 330 1717 335 ’
2289 354 2372 428 53

279 555 447 601 vere
488 527 858 619 superum?
928 526 1475 616 Haudquaquam
1521 529 1788 610 hercle,
1846 528 2108 618 inquit,
2176 529 2373 597 aliter

281 637 521 725 opinor
555 635 739 699 hunc
782 635 910 696 esse
941 630 1410 719 opinaturum.
1494 631 1590 699 At
1624 635 1893 712 rursus,
1937 635 2223 719 inquam
2245 683 2267 715 ,
2323 636 2371 700 fi

270 741 534 822 feratur
551 735 895 810 deorsum,
913 733 1228 800 deorsum
1249 734 1687 821 opinaturum
1705 739 1833 801 efl’e
1846 738 1912 800 se
1926 735 2090 804 ferri
2106 749 2169 802 et
2189 749 2371 803 recte

266 841 713 935 opinaturum
728 838 761 902 ‘P
780 833 1049 926 Quidni
1062 836 1096 901 ‘l
1111 836 1354 904 Nonne
1374 837 1541 903 haec
1568 838 1631 902 ei
1646 837 1954 931 accidant
1965 840 2192 904 omnia
2210 862 2369 928 pro-

258 956 507 1033 pterea
553 943 739 1027 quod
785 939 1139 1028 imperitus
1181 941 1259 1005 fit
1300 940 1437 1005 loci
1479 963 1646 1006 vere
1679 942 1904 1031 superi
1951 952 2021 1006 et
2055 942 2264 1007 medii
2303 953 2371 1036 et

258 1045 527 1114 inferi?
572 1046 767 1113 Patet
797 1064 987 1107 vero.
1071 1036 1454 1113 Admireris
1497 1043 1707 1131 igitur
1746 1048 1790 1110 fi
1833 1046 2037 1110 etiam
2070 1044 2370 1132 imperiti

259 1148 570 1236 veritatis
603 1134 819 1233 quum
860 1136 1220 1210 de'multis
1247 1146 1395 1211 aliia
1438 1145 1635 1213 falsas
1667 1147 2019 1239 opiniones
2051 1146 2367 1230 habeant,

258 1262 416 1317 tum
443 1251 648 1315 etiam
670 1250 754 1314 de
782 1249 1135 1336 voluptate
1152 1246 1227 1313 ⁸et
1240 1247 1475 1313 dolore
1491 1261 1559 1315 et
1591 1271 1671 1314 eo
1701 1249 1883 1337 quod
1900 1253 2077 1316 inter
2094 1262 2371 1315 utrum-

214 1392 220 1402 ·
259 1376 401 1440 que
451 1353 883 1418 interiectum
926 1353 1015 1417 est
1055 1350 1151 1415 ita
1176 1350 1468 1417 sentiant
1500 1362 1614 1434 ut,
1673 1374 1888 1438 quum
1919 1354 2004 1419 ad
2033 1352 2362 1420 acerbum

257 1455 610 1535 ferantur,
660 1477 827 1525 vere
856 1453 1227 1539 opinentur
1251 1465 1320 1519 et
1344 1457 1577 1543 reapse
1604 1454 1914 1534 doleant,
1948 1454 2173 1543 'quum
2201 1478 2368 1522 vero

254 1581 300 1625 a
331 1558 578 1622 dolore
619 1558 702 1621 ad
748 1556 1077 1640 medium,
1135 1556 1510 1624 admodum
1557 1558 1829 1645 quidem
1871 1560 2241 1625 existiment
2282 1558 2369 1623 ad

255 1661 734 1749 expletionem
777 1671 861 1726 ete.
877 1660 1301 1750 voluptatem
1347 1663 1415 1725 se
1456 1664 1862 1751 pervenisse,
1921 1661 2066 1745 sed,
2123 1646 2397 1746 quem-⁸

255 1762 640 1829 admodum
686 1765 804 1850 qui
854 1764 1049 1829 iuxta
1095 1763 1375 1848 nigrum
1426 1765 1722 1832 colorem
1765 1765 2031 1831 fuscum
2060 1765 2375 1848 *spectent
2408 1844 2421 1852 ⁶

253 1864 568 1952 imperiti
596 1860 775 1945 albi,
820 1863 919 1929 ita
963 1866 1167 1930 etiam
1195 1866 1389 1928 iuxta
1435 1865 1690 1929 doloris
1720 1865 2130 1931 vacuitatem
2176 1863 2377 1929 dolo·-

254 1991 417 2034 rem
450 1969 825 2051 spectantes
852 1982 1137 2054 propter
1176 1966 1554 2052 voluptatis
1574 1967 1988 2056 imperitiam
2029 1962 2375 2050 decipian-

255 2069 431 2135 tur?
481 2067 1026 2152 Haudquaquam
1054 2068 1310 2150 hercle,
1349 2068 1601 2153 inquit,
1646 2069 1971 2149 admirer,
2015 2067 2124 2133 sed
2154 2069 2370 2135 multo

258 2168 490 2255 :magis
527 2171 573 2235 fi
604 2192 742 2234 non
772 2170 866 2234 ita
908 2171 974 2233 se
1009 2168 1274 2235 habeat.
1360 2172 1461 2237 Ita
1490 2185 1708 2255 certe,
1766 2173 2043 2260 inquam
2065 2223 2086 2251 ,
2146 2173 2371 2237 confi-

256 2277 467 2352 dera:
528 2295 756 2346 nonne
802 2271 1014 2339 fames
1055 2284 1122 2338 et
1156 2275 1286 2339 fitis
1332 2286 1401 2340 et
1442 2275 1573 2340 alia
1620 2274 1913 2342 eiusdem
1942 2275 2202 2362 generis
2242 2298 2371 2340 ex-

252 2379 479 2447 hausti
519 2382 675 2445 sunt
717 2376 1018 2465 corporis
1066 2374 1382 2442 habitus?
1447 2377 1760 2467 Quidni?
1813 2378 2075 2443 Inscitia
2103 2399 2273 2443 vero
2300 2385 2372 2440 et

255 2482 649 2570 insipientia
706 2502 935 2546 nonne
993 2478 1293 2545 exhausti
1335 2482 1492 2545 sunt
1535 2479 1750 2546 animi
1792 2477 2113 2545 habitus?
2193 2479 2373 2545 Sane

259 2585 567 2671 quidem.
651 2585 897 2653 Nonne
926 2582 1240 2670 expletur
1270 2593 1414 2648 tam
1453 2583 1569 2668 qui
1609 2583 2097 2648 nutrimentum
2127 2578 2370 2671 accipit

261 2708 475 2773 quam
509 2685 630 2771 qui
660 2683 1174 2771 intelligentiam
1215 2683 1640 2770 assequitur?
1692 2682 2008 2771 Quidni?
2064 2685 2368 2776 Repletio

263 2801 494 2854 autem
526 2810 697 2853 num
720 2786 952 2851 verior
985 2787 1074 2850 est
1103 2807 1224 2871 per
1251 2785 1321 2851 id
1350 2786 1530 2870 quod
1556 2786 1780 2851 minus
1815 2809 1905 2851 an
1930 2808 2056 2876 per
2082 2788 2149 2853 id
2185 2785 2374 2873 quod
2433 2851 2438 2854 k

263 2891 479 2976 magis
516 2891 654 2955 est?
697 2889 889 2954 Patet
912 2910 1040 2978 per
1067 2888 1132 2950 id
1160 2888 1341 2975 quod
1369 2888 1585 2976 magis
1611 2889 1718 2954 est.
1760 2888 1936 2954 Utra
1953 2889 2088 2955 iam
2122 2912 2370 2977 genera

263 2992 483 3080 magis
513 2994 739 3060 censes
785 3013 1030 3077 puram
1069 2989 1324 3055 habere
1362 3003 1720 3074 naturam,
1777 2990 2048 3073 cibum,
2103 3004 2367 3082 potum,

266 3094 623 3180 opsonium
650 3094 1180 3180 universumque
1209 3093 1735 3179 nutrimentum,
1768 3117 1853 3158 an
1882 3093 2221 3183 opinionis
2249 3117 2371 3159 ve·-

261 3218 384 3261 rae
413 3197 701 3284 speciem
737 3208 802 3261 et
833 3197 1154 3262 scientiae
1182 3208 1251 3261 et
1292 3183 1771 3282 intelligentiae
1800 3210 1869 3262 et
1895 3195 2174 3261 omnino
2208 3197 2372 3262 uni-
2431 3222 2435 3225 ·

266 3299 502 3368 versae
552 3299 880 3364 virtutis?
936 3301 1018 3363 fic
1062 3321 1228 3364 vero
1268 3300 1529 3366 iudica:
1591 3311 1825 3366 utrum
1870 3299 1939 3366 id
1988 3299 2165 3386 quod
2209 3319 2371 3362 cum

262 3400 531 3487 semper
562 3399 755 3465 fimili
795 3401 1234 3466 coniunctum
1266 3404 1357 3467 est
1391 3414 1457 3466 et
1497 3425 1654 3468 cum
1686 3402 2054 3469 immortali
2084 3412 2155 3465 et
2177 3399 2374 3465 veri-

261 3510 447 3579 tate,
492 3501 850 3590 ipsumque
876 3508 1008 3569 tale
1039 3506 1128 3569 est
1166 3504 1328 3569 etin
1360 3502 1478 3568 tali
1527 3504 1795 3584 exstitit,
1841 3504 2056 3587 magia
2086 3506 2213 3567 esse
2247 3500 2371 3567 tibi

261 3600 593 3682 videtur,
665 3627 752 3669 an
799 3605 865 3672 id
910 3603 1089 3691 quod
1131 3627 1290 3671 cum
1345 3617 1593 3677 natura
1632 3626 2006 3691 numquam
2049 3602 2243 3668 fimili
2301 3615 2375 3670 et

263 3706 539 3772 mortali
574 3708 1002 3780 coniunctum
1037 3709 1394 3795 ipsumque
1427 3711 1564 3774 tale
1598 3710 1688 3772 est
1720 3717 1787 3769 et
1815 3705 1886 3768 in
1934 3705 2049 3769 tali
2088 3703 2370 3773 exsistit?

263 3806 532 3895 Longe,
600 3807 861 3894 inquit,
918 3812 1207 3897 praestat
1252 3810 1318 3876 id
1372 3811 1554 3895 quod
1609 3834 1765 3876 cum
1813 3818 2057 3873 natura
2099 3809 2372 3900 semper

261 3910 452 3976 fimili
511 3912 963 3978 coniunctum
1026 3914 1134 3977 est.
1236 3913 1529 3979 Naturae
1570 3913 1779 3999 igitur
1835 3913 2102 3998 semper
2148 3911 2372 3978 fimilis

265 4011 536 4077 efl’entia
579 4036 742 4081 num
783 4014 996 4102 magis
1037 4015 1354 4080 essentiae
1399 4014 1732 4107 particeps
1780 4016 1869 4079 est
1903 4036 2108 4101 quam
2156 4015 2373 4080 scien-
2479 4051 2488 4058 -

264 4112 443 4183 tiae?
515 4116 804 4185 Minime
851 4139 1041 4186 vero.
1127 4115 1357 4204 Quid,
1426 4136 1644 4200 quam
1690 4116 2044 4183 veritatis?
2102 4114 2205 4196 Ne
2244 4112 2370 4173 hoc

354 4220 531 4283 Tom-
582 4219 666 4287 V.
1902 4215 1956 4277 C
