2738 4600
1141 266 1649 377 TIMAEUS.
2308 264 2463 371 273

343 443 422 507 fit
448 463 575 528 per
603 440 917 530 seipsum
952 437 1087 505 iam
1111 439 1259 506 iusti
1277 463 1300 523 3
1343 432 1684 506 subficivis
1728 461 1895 510 vero
1938 446 2166 536 operis
2192 452 2244 515 fi
2281 454 2428 539 quis

346 543 573 632 priora
613 546 894 629 sequens
929 541 1264 628 explicare
1289 539 1494 623 velit,
1535 541 1722 609 haud
1745 543 1972 633 inepte
2000 550 2096 617 ita
2124 557 2428 622 confide-

339 668 500 740 rans
533 646 845 713 oratione
879 645 1337 731 persequatur.
1402 647 1978 732 quemadmodum
2014 656 2274 744 saepius
2316 658 2428 725 di..

294 792 301 801 ι
342 747 573 814 ximus
609 761 744 814 tres
784 746 989 815 animi
1028 747 1282 833 species
1325 746 1652 816 trifariam
1690 749 1765 815 in
1811 752 2003 823 nobis
2047 760 2423 828 constitutas

339 854 509 932 effe,
556 861 624 915 et
671 871 1007 937 quamque
1047 850 1384 925 motiones
1425 851 1715 935 habere,
1760 853 1852 920 ita
1899 856 2194 926 {imiliter
2233 885 2423 931 nunc

341 974 613 1039 quoque
656 974 854 1040 quam
902 949 1302 1040 paucissimis
1352 953 1712 1023 dicendum
1752 959 1874 1034 est,
1932 981 2081 1026 eam
2137 984 2306 1049 quae
2346 967 2423 1032 in

340 1056 617 1142 segnitia
655 1055 841 1122 vivat
856 1068 924 1121 et
951 1056 1332 1122 motionum
1375 1058 1651 1124 suarum
1683 1060 1979 1146 'quietem
2025 1064 2246 1150 capiat
2283 1065 2422 1133 im-

271 1197 274 1204 ·
339 1156 737 1224 becillimam
761 1156 1122 1226 neceffa'rio
1150 1162 1478 1242 exsistere,
1521 1182 1697 1245 quae
1736 1175 1970 1232 contra
1999 1154 2418 1251 exet-ceatur,

336 1260 835 1343 validisfimam3
881 1261 1199 1346 quocirca
1239 1261 1631 1339 curandum
1657 1268 1746 1329 est
1791 1278 1871 1332 ut
1904 1268 2240 1335 motiones
2281 1270 2449 1337 lia-⁴

334 1360 540 1428 beant
562 1362 740 1428 inter
752 1366 821 1428 se
851 1383 1059 1447 congt
1062 1374 1314 1430 nentes.
1343 1364 1430 1428 de
1445 1364 1986 1451 praestantisfima
2010 1394 2176 1437 vero
2195 1373 2414 1440 animi

332 1466 534 1531 nostri
550 1468 768 1554 specie
784 1466 867 1528 fic
888 1463 1646 1541 existimandum‚deum
1663 1467 1904 1554 cuique
1930 1472 2174 1540 dedisse
2197 1488 2275 1541 ut
2305 1497 2415 1563 ge-

333 1569 528 1632 nium
551 1565 728 1633 hanc
761 1588 964 1654 quam
995 1566 1330 1633 dicimus
1309 1590 1382 1632 m
1402 1570 1665 1634 summo
1692 1570 1882 1635 nobis
1909 1593 2195 1681 corpore
2226 1577 2411 1643 habi-

330 1681 505 1749 tare,
536 1681 602 1733 et
642 1681 921 1787 propter
944 1670 1113 1735 caeli
1142 1672 1607 1757 cognationem
1632 1694 1673 1737 a
1716 1682 1896 1743 terra
1924 1693 2064 1739 nos
2076 1679 2408 1758 attollere,

332 1772 587 1861 quippe
624 1774 739 1859 qui
764 1771 961 1837 fimus
1002 1771 1368 1839 animantia
1399 1796 1540 1838 non
1582 1785 1896 1851 terrena,
1942 1774 2053 1838 sed
2098 1779 2412 1859 caelestia,

334 1875 691 1942 rectisfime
723 1875 856 1946 hoc
882 1885 1235 1963 ponentes‚·
1273 1874 1461 1942 illinc
1488 1875 1690 1959 enim,
1705 1877 1887 1962 unde
1911 1878 2172 1962 primus
2199 1882 2411 1948 animi

328 1991 515 2044 ortus
544 1979 882 2069 profectus
901 1971 1034 2060 est,
1075 1979 1383 2051 divinum
1431 1978 1848 2066 suspendens
1879 1993 2086 2067 caput
2118 1994 2187 2046 et
2219 1984 2412 2049 radi-

326 2105 473 2147 cem
525 2085 812 2148 nostram
858 2080 1049 2169 erigit
1087 2092 1314 2147 *totum
1355 2099 1622 2167 corpus.
1691 2079 1766 2144 in
1812 2102 1892 2145 eo
1929 2080 2138 2168 igitur
2176 2086 2292 2169 qui
2332 2086 2408 2151 in

326 2186 722 2273 cupiditates
753 2195 821 2249 et
845 2183 1305 2250 contentiones
1333 2182 1626 2248 studium
1666 2204 2085 2270 operamque
2139 2187 2407 2254 confert

324 2303 389 2354 et
423 2290 493 2354 in
527 2288 629 2353 his
663 2288 1097 2354 vehementer
1124 2289 1193 2351 se
1231 2296 1542 2360 exercet,
1588 2283 1820 2350 omnia
1847 2285 2111 2361 decreta
2151 2291 2418 2358 neceffe'

324 2395 412 2458 est
455 2393 705 2462 innasci
756 2391 1106 2473 mortalia,
1165 2389 1538 2475 planeque,
1595 2408 1799 2473 quam
1845 2393 2144 2456 maxime
2196 2394 2406 2480 potest
2491 2458 2498 2465 ,

322 2496 622 2560 mortalis
647 2494 817 2569 fieri,
863 2495 991 2559 hac
1018 2515 1096 2557 re
1122 2513 1212 2559 ne
1232 2489 1612 2576 paullulum
1637 2489 1910 2575 quidem
1942 2490 2163 2573 defici,
2212 2497 2402 2582 quip-
2480 2566 2485 2572 ,

323 2619 410 2684 pe
434 2598 553 2683 qui
585 2618 733 2660 eam
763 2594 1033 2660 auxerit
1052 2642 1071 2670 ,
1117 2613 1276 2657 eum
1310 2600 1579 2666 contra,
1626 2591 1744 2676 qui
1770 2593 2062 2658 discendi
2096 2617 2401 2662 amorem

321 2697 757 2783 veritatisque
793 2694 1246 2781 cognitionem
1306 2691 1513 2759 coluit
1558 2705 1626 2757 et
1671 2693 1743 2758 in
1786 2695 1894 2758 his
1945 2717 2133 2782 prae
2162 2697 2400 2763 ceteris

319 2799 521 2865 rebus
554 2799 688 2863 suis
731 2799 798 2861 se
842 2797 1176 2889 exercuit,
1215 2795 1629 2863 immortalia
1660 2806 1735 2859 et,
1756 2795 2031 2878 divina,
2076 2800 2395 2884 fiquidem

291 2904 441 2968 'vei
444 2903 676 2966 itatem
704 2901 1093 2986 assequutus
1123 2898 1362 2979 fuerit,
1395 2920 1477 2984 p1
1478 2898 1665 2963 orsus
1696 2901 1947 2968 necefle
1970 2903 2061 2965 est
2084 2903 2405 2988 cogitare,

319 3016 643 3090 quantum
682 3016 929 3069 natura
970 3004 1264 3069 humana
1308 2997 1824 3068 immortalitatis
1863 3003 2076 3087 potest
2122 3025 2396 3090 compos

316 3111 477 3187 effe,
522 3128 601 3171 ea
631 3106 818 3172 nullo
853 3106 1052 3171 modo
1089 3102 1388 3178 deficiet,
1434 3123 1647 3188 quum
1691 3103 1955 3190 semper
2004 3104 2181 3169 colat
2219 3103 2396 3168 divi-

314 3228 484 3273 num
524 3207 905 3292 habeatque
944 3206 1312 3271 admodum
1352 3215 1666 3271 ornatum
1696 3202 1973 3288 genium
2018 3203 2091 3268 in
2128 3207 2193 3273 se
2228 3228 2395 3270 con-

279 3310 775 3391 -tubernalem‚
836 3330 1001 3396 prae
1042 3307 1280 3373 ceteris
1320 3306 1596 3374 beatum
1646 3310 1792 3373 effe.
1851 3310 2117 3373 cultura
2162 3318 2393 3373 autem

312 3414 561 3495 cuique
604 3411 934 3496 cuiusque
973 3410 1073 3476 rei
1105 3430 1241 3475 una
1277 3409 1369 3472 est
1396 3409 1596 3490 haec,
1642 3419 1722 3473 ut
1750 3407 2218 3474 convenientes
2257 3406 2395 3472 cui·

307 3518 449 3598 'que
485 3514 701 3601 pastus
748 3525 815 3578 et
843 3514 1175 3605 motiones
1215 3509 1682 3577 attribuamus·
1748 3512 1887 3576 iam
1930 3507 2155 3574 divino
2199 3509 2391 3574 nobis

189 3627 199 3637 '
309 3615 498 3681 infito
547 3627 861 3705 cognatae
904 3608 1060 3682 'sunt
1114 3615 1447 3680 motiones
1494 3613 1786 3681 universa
1846 3610 2276 3698 cogitationes
2322 3623 2392 3677 et

391 4124 561 4188 Tom.
618 4125 696 4191 V.
1235 4121 1240 4126 ’
1414 4208 1428 4225 ¹
1887 4072 1941 4184 ‘S
1994 4120 2003 4127 ’
2082 4170 2091 4177 .
