2738 4600
1113 291 1118 298 ’
1218 296 1673 368 ΟΒῙΤῙΑ8.’
2365 301 2491 372 ’5ιό

412 485 667 546 sacrato
725 469 944 562 epulis
992 459 1340 558 rebusque
1386 461 1757 538 neceffa'riis
1814 470 2122 539 vacabat.
2160 472 2493 572 tenebiis
2590 512 2597 522 ·

411 605 580 650 vero
625 576 875 645 obortis
920 576 1204 691 igneque
1245 575 1677 642 victimarum
1718 571 1861 638 fere
1902 576 2219 641 exstincto
2260 601 2491 652 omnes

410 686 574 752 stola
600 703 806 769 quam
850 676 1130 766 pulche1
1133 675 1307 744 rima
1341 678 1653 743 caerulea
1684 678 1969 745 induti
1949 702 2019 744 m
2062 679 2494 766 victimarum

413 789 637 854 calme
674 783 872 849 humi
897 781 1321 849 confidebant
1350 791 1707 867 noctuque,
1739 782 1928 846 omni
1958 781 2132 849 circa
2157 763 2492 874 templum

410 892 569 1008 igne
600 884 953 965 exstincto,
995 885 1071 950 in
1107 880 1434 984 iudicium
1465 882 1884 950 vocabantur
1926 897 1993 949 et
2034 888 2402 968 vocabant,
2447 890 2496 955 fi

413 994 566 1082 quis
595 989 758 1078 quid
787 986 1194 1075 migrantem
1220 1008 1462 1050 eorum
1507 985 1800 1073 aliquem
1839 990 2208 1057 accusasset.
2282 1014 2497 1078 quum

413 1120 578 1168 vero
610 1090 959 1178 exsequuti
990 1090 1192 1153 effent
1221 1085 1471 1152 iudicia
1503 1088 1780 1176 diesque
1807 1090 2214 1172 illuxiffet,
2194 1116 2264 1158 in
2295 1114 2500 1160 aurea

412 1200 641 1267 tabula
685 1194 1133 1281 insculpentes
1180 1212 1335 1257 cum
1378 1189 1553 1258 stolis
1592 1208 2042 1262 monumenta
2080 1195 2497 1264 dedicarunt.

413 1325 492 1373 ac
524 1303 702 1387 leges
732 1295 1004 1384 quidem
1030 1296 1283 1360 multae
1320 1293 1490 1358 aliae
1503 1293 1588 1359 de
1611 1317 1846 1383 regum
1866 1297 2184 1391 dignitate
2211 1300 2498 1388 fingulo-

298 1442 308 1452 ·
412 1426 569 1472 rum
600 1410 791 1465 erant
813 1396 1167 1486 propriae,
1212 1398 1591 1462 maximum
1625 1419 1789 1464 vero
1820 1400 1953 1466 hoc
1988 1412 2133 1466 erat
2160 1404 2304 1489 lege
2342 1403 2499 1467 san-

418 1507 668 1584 citum,
712 1524 801 1566 ne
832 1523 1157 1587 umquam
1186 1520 1379 1565 arma
1415 1499 1590 1565 inter
1611 1502 1676 1564 se
1707 1500 2076 1583 inferrent,
2124 1505 2231 1568 sed
2260 1527 2497 1578 omnes

415 1606 932 1687 auxiliarentur,
970 1602 1175 1669 ficubi
1205 1603 1443 1689 aliquia
1474 1602 1544 1668 in
1580 1602 1851 1669 civitate
1887 1606 2199 1693 quapiam
2228 1608 2492 1694 regium

330 1734 333 1737 ’
416 1731 652 1777 eorum
686 1706 1048 1794 exstirpare
1087 1707 1574 1793 aggrederetur
1601 1729 1845 1794 genus„
1886 1707 2343 1773 communiter
2379 1729 2502 1773 ve-

415 1836 531 1891 ro,
610 1809 1187 1895 quemadmodum
1255 1808 1674 1897 superiore3‚
1746 1832 1966 1897 quum
2017 1808 2092 1874 in
2126 1811 2498 1875 confilium

415 1913 713 1991 ivissent,
761 1931 841 1976 ea
890 1933 1064 1998 quae
1106 1910 1191 1974 de
1230 1910 1410 1978 bello
1455 1913 1729 1998 aliisque
1769 1913 1967 1980 rebus
2003 1915 2314 2030 gerendis
2343 1914 2497 2001 ipfis

415 2017 555 2082 visa
601 2025 794 2079 erant
853 2011 1417 2127 exsequebantur,
1492 2014 1950 2102 principatum
2016 2027 2095 2079 eb
2127 2016 2496 2103 imperium

417 2116 757 2187 Atlantico
800 2114 1031 2203 generi
1059 2115 1462 2196 tribuentes,
1500 2118 1678 2185 necis
1722 2130 1951 2204 autem
1986 2129 2062 2183 ut
2104 2122 2492 2207 potestatem

414 2221 617 2287 ‘rexin
642 2217 905 2283 nullum
934 2229 1373 2303 cognatorum
1406 2218 1705 2303 haberet,
1735 2221 1856 2288 nifi
1880 2197 2035 2313 plus
2066 2220 2349 2288 dimidio
2374 2223 2494 2290 de·-

415 2347 563 2391 cem
581 2321 857 2389 illorum
879 2320 1246 2387 videretur.

587 2529 781 2595 Hanc
823 2526 1027 2613 igitur
1065 2537 1325 2594 tantam
1365 2534 1432 2589 et
1474 2525 1681 2592 talem
1731 2528 2104 2615 potentiam
2149 2550 2326 2616 quae
2366 2529 2496 2613 illis

415 2632 490 2700 in
514 2630 681 2700 locis
706 2643 854 2694 tum
885 2640 1041 2694 xerat
1068 2630 1229 2694 deus
1267 2626 1340 2707 in
1380 2627 1577 2694 hoece
1609 2631 1787 2695 locos
1814 2634 2243 2717 compofitam
2271 2633 2496 2697 addu-
2581 2656 2589 2659 ·

414 2737 521 2802 xit
560 2735 737 2800 hanc
765 2718 937 2808 fere,
977 2740 1057 2793 ut
1100 2728 1431 2826 traditur,
1475 2730 1561 2795 ob
1605 2734 1896 2800 causam.
1958 2735 2174 2801 multa
2223 2736 2494 2822 quidem

415 2862 543 2929 per
586 2834 883 2915 saecula,
928 2830 1253 2918 quamdiu
1286 2830 1395 2896 dei
1436 2845 1678 2901 natura
1729 2834 1822 2901 eis
1860 2836 2288 2923 suppetebat,
2321 2838 2498 2925 'legi-

417 2942 541 3007 bus
583 2934 1138 3023 obtemperabant
1186 2957 1544 3022 comesque
1583 2951 1780 3015 erant
1824 2959 1982 3023 erga
2025 2939 2333 3005 divinum
2378 2963 2497 3004 co-
2534 2990 2551 3003 φ.

417 3055 733 3130 gnatumj
791 3039 1093 3103 animum
1120 3039 1298 3105 enim
1328 3038 1663 3107 habebant
1699 3062 1936 3105 verum
1969 3040 2301 3127 planeque
2343 3064 2497 3106 ma-

416 3168 665 3235 gnum,
708 3140 1132 3208 clementiam
1172 3141 1515 3224 quandam
1562 3136 1971 3227 prudentem
2014 3155 2081 3206 et
2126 3142 2197 3206 in
2247 3142 2517 3227 cafibus·

418 3248 799 3334 quibusque
829 3242 1272 3308 incidentibus
1303 3254 1373 3307 et
1399 3244 1582 3307 inter
1609 3244 1678 3304 se
1711 3257 2133 3339 exercente-⁴³3
2178 3246 2493 3332 quocirca

414 3360 688 3438 praeter
749 3343 1073 3410 virtutem
1131 3345 1361 3409 omnia
1410 3343 1842 3432 despicientes
1895 3346 2097 3433 parvi
2159 3345 2497 3412 faciebant

417 3474 498 3516 ea
540 3471 713 3535 quae
738 3445 1178 3535 possidebant,
1225 3458 1291 3511 et
1325 3445 1526 3512 facile
1563 3445 1875 3514 ferebant
1920 3462 2268 3539 tamquam
2315 3472 2492 3520 onus

413 3548 564 3617 auri
610 3558 1121 3635 ceterarumque
1162 3547 1564 3616 facultatum
1597 3551 1882 3632 molem,
1926 3575 2068 3617 non
2111 3552 2280 3617 ebrii
2324 3577 2494 3641 pro-

412 3665 567 3741 pter
596 3649 937 3716 luxuriam
964 3673 1089 3715 nec
1120 3673 1309 3717 mero
1356 3650 1650 3716 hebetati
1679 3651 2099 3735 labebantur,
2143 3653 2254 3718 sed
2285 3651 2491 3719 sobrii

413 3766 608 3820 acute
645 3751 1136 3841 perspiciebant
1179 3752 1347 3818 haec
1404 3752 1633 3818 omnia
1687 3753 1980 3820 amicitia
2032 3754 2379 3821 communi
2426 3766 2494 3820 et

413 3855 665 3921 virtute
704 3856 1087 3942 augescere,
1145 3852 1422 3920 illorum
1454 3876 1621 3930 vero
1666 3855 1879 3921 studio
1936 3867 2003 3921 et
2043 3858 2300 3931 honore
2347 3869 2491 3923 tum

412 3955 581 4022 haec
611 3957 750 4044 ipsa
775 3957 1001 4044 perire
1029 3968 1177 4050 tum
1207 3955 1354 4023 illas
1385 3978 1539 4021 cum
1569 3954 1672 4022 his
1699 3958 2041 4044 exstingui.
2085 3981 2170 4024 ex
2198 3959 2329 4023 hac
2356 3957 2487 4045 igi-

413 4070 527 4126 tur
552 4061 970 4147 reputatione
996 4070 1061 4126 et
1086 4058 1329 4128 natura
1371 4057 1596 4145 divina
1627 4072 2074 4150 permanente
2106 4060 2333 4132 omnia
2367 4061 2484 4150 ip-
