2738 4600
1053 322 1496 393 PoLlTIA
1557 321 1639 392 x.
2311 328 2392 415 69

290 497 642 565 ¹imitandi.
724 495 1034 569 Videtur.
1121 497 1409 573 Utrum,
1451 497 1761 581 inquam,
1807 517 1882 560 ea
1906 506 2184 562 tantum
2213 520 2391 583 quae

314 604 395 667 ad
430 602 647 664 visum
675 601 945 685 spectat,
966 622 1065 663 ’an
1098 621 1178 665 ea
1207 622 1474 685 quoque
1506 621 1674 684 quae
1702 597 1782 661 ad
1812 598 2144 680 auditum,
2180 624 2388 689 quam

311 704 577 788 quidem
626 703 848 788 poetici
897 703 1263 771 vocamus?
1346 702 1627 769 Videtur
1665 702 1852 778 sane,
1912 702 2160 784 inquit,
2218 703 2387 770 haec

305 800 600 890 quoque.
688 805 824 871 Nec
864 816 1130 882 tamen,
1191 805 1503 889 inquam,
1563 804 1619 867 ei
1662 814 1925 867 tantum
1972 807 2385 873 confidamus

303 909 485 994 quod
522 907 795 972 videtur
820 929 904 970 ex
944 918 1088 971 arte
1114 906 1455 992 pingendi,
1478 906 1583 969 sed
1613 906 1694 970 ad
1729 906 1936 990 ipsam
1966 906 2146 973 'hanc
2172 910 2386 975 animi

303 1026 569 1100 partem
604 1032 963 1099 pergamus
985 1033 1117 1096 qua
1151 1010 1364 1074 utitur
1391 1009 1647 1100 poetica
1678 1009 1999 1089 imitatio,
2048 1022 2117 1074 et
2148 1012 2385 1076 videa-⁵

308 1139 456 1180 mus
487 1114 618 1179 vile
644 1139 729 1179 an
763 1112 1098 1178 laudabile
1129 1115 1219 1181 fit.
1293 1116 1587 1203 Oportet
1612 1116 1786 1178 sane.
1850 1114 1945 1178 Ita
1979 1113 2192 1197 igitur
2220 1137 2384 1178 con-

305 1214 684 1293 fideremus.
729 1198 1025 1304 agente3‚
1061 1216 1379 1296 d·icimuS‚
1427 1216 1732 1281 homines
1756 1215 2061 1280 imitatur
2087 1238 2194 1280 ars
2224 1214 2384 1280 imi-

301 1322 487 1385 tandi
517 1321 582 1384 vi
619 1323 722 1384 vel
752 1323 986 1404 sponte
1014 1320 1302 1403 indeque
1331 1318 1724 1383 arbitrantes
1754 1319 1854 1382 vel
1881 1320 2237 1384 secundam
2273 1319 2382 1382 vel

302 1424 645 1488 adversam
682 1422 794 1485 fibi
820 1421 1162 1484 fortunam
1192 1423 1454 1507 obtigiff
1450 1445 1515 1503 e,
1560 1434 1759 1507 atque
1784 1423 1986 1487 etiam
2012 1422 2117 1486 his
2152 1420 2382 1486 omni-

300 1527 422 1591 bus
451 1540 566 1590 aut
595 1526 896 1589 dolentes
932 1536 1048 1589 aut
1089 1526 1471 1610 gaudentes.
1527 1524 1857 1610 numquid
1886 1526 2016 1590 alio
2059 1527 2128 1588 se
2173 1524 2378 1588 modo

300 1651 406 1694 res
443 1627 647 1690 babet
665 1648 860 1710 quam
893 1628 1072 1692 hoc?
1100 1626 1301 1694 Nullo
1334 1630 1484 1692 alio.
1532 1630 1787 1692 Utrum
1814 1628 2020 1711 igitur
2051 1627 2120 1691 in
2150 1627 2381 1691 omni-

299 1729 430 1792 bus
480 1727 579 1791 his
629 1729 940 1794 concordi
994 1730 1201 1819 homo
1251 1733 1337 1794 est
1363 1731 1637 1797 animo?
1683 1751 1771 1791 an
1804 1727 2380 1812 quemadmodum

300 1832 382 1896 ad
425 1832 643 1896 visum
676 1832 937 1895 disfidet
969 1843 1034 1892 et
1069 1830 1436 1894 contrarias
1477 1831 1547 1892 in
1581 1832 1645 1892 se
1677 1829 1880 1893 habet
1919 1827 2261 1912 opiniones
2295 1828 2382 1889 sl-

296 1936 442 1998 mul
481 1934 564 1996 de
590 1927 838 1995 eisdem
861 1981 880 2009 ,
929 1931 1017 1994 ita
1048 1931 1251 1994 etiam
1292 1932 1362 1992 in
1409 1930 1781 1994 actionibus
1814 1929 2075 1991 disfidet
2107 1926 2381 2012 ipseque

304 2038 531 2097 secum
560 2033 874 2116 pugnat?
922 2032 1204 2111 memini
1229 2045 1453 2097 autem
1481 2034 1608 2097 hoc
1639 2055 1821 2096 nunc
1856 2032 2034 2095 inter
2059 2051 2179 2092 nos
2210 2051 2376 2092 con-
2435 2088 2448 2103 ‚

299 2137 537 2199 veniat
563 2157 700 2197 non
736 2136 1084 2219 oportere3
1128 2136 1322 2220 supra
1357 2136 1536 2198 enim
1565 2135 1715 2199 satis
1744 2133 1969 2198 omnia
2001 2120 2167 2196 haec
2198 2131 2375 2196 inter

298 2261 421 2303 nos
453 2247 942 2318 convenerunt,
988 2237 1582 2305 innumerabilibus
1623 2235 1952 2300 eiusmodi
1989 2255 2373 2322 repugnan-

292 2343 399 2407 tiis
456 2340 646 2406 simul
695 2339 1145 2405 exsistentibus
1188 2342 1467 2429 plenum
1510 2347 1635 2406 effe
1696 2341 2005 2405 animum
2050 2339 2367 2401 nostrum.

294 2445 536 2521 Recte,
594 2442 840 2527 inquit.
941 2444 1146 2508 Recte
1186 2467 1346 2508 vero
1373 2492 1392 2524 ‚
1446 2444 1726 2527 inquam
1756 2491 1776 2522 ‚
1834 2442 1942 2503 sed
1987 2439 2166 2523 quod
2209 2448 2374 2499 tunc

291 2544 871 2633 praetermisimus,
902 2546 964 2608 id
1002 2569 1184 2609 nunc
1211 2546 1375 2609 mihi
1411 2547 1681 2609 videtur
1707 2541 2187 2630 exponendum
2220 2543 2367 2604 effe.

299 2647 700 2735 Quidnam?
758 2648 996 2732 inquit.
1080 2646 1317 2713 Virum
1352 2690 1371 2718 ‚
1429 2646 1708 2730 inquam
1740 2695 1757 2723 ‚
1816 2641 2184 2708 modestum
2242 2642 2368 2707 hac

297 2750 676 2818 calamitate
703 2748 1022 2812 afflictum
1062 2761 1137 2812 ut
1179 2748 1394 2813 filium
1427 2748 1797 2834 perdiderit
1846 2745 2176 2810 vel-‘aliud
2206 2745 2367 2830 quid

294 2876 456 2918 eoru
470 2864 539 2914 m'
567 2874 738 2936 quae
764 2851 1032 2938 plurimi
1065 2850 1345 2928 faceret,
1392 2852 1687 2915 diximus
1715 2862 1876 2914 tunc
1902 2871 2170 2935 quoque
2197 2870 2365 2936 prae

294 2954 527 3019 ceteris
565 2952 630 3015 id
661 2952 854 3016 facile
886 2955 1179 3020 laturum
1217 2960 1356 3022 effe.
1406 2955 1578 3021 Sane
1608 2954 1907 3038 quidem.
1964 2955 2163 3021 Nunc
2195 2971 2364 3015 vero

291 3056 422 3121 hoc
454 3077 885 3137 quaeramuS‚
932 3068 1162 3120 utrum
1200 3057 1375 3121 nihil
1414 3058 1741 3122 doliturus
1782 3060 1889 3136 fit,
1936 3079 2022 3120 an
2052 3054 2178 3118 hoc
2211 3048 2361 3135 qui-

192 3166 200 3176 '
294 3160 441 3222 dem
489 3155 636 3221 ficri
680 3159 1504 3240 nequeat‚·moderaturus
1546 3172 1772 3224 autem
1813 3159 1957 3223 fere
2001 3160 2073 3221 fit
2120 3153 2361 3221 dolori.

289 3264 384 3327 Ita
407 3259 639 3344 magiS,
670 3261 913 3343 inquit,
943 3283 1195 3324 verum.
1234 3262 1746 3327 Hocnuncmihi
1775 3263 1856 3326 de
1873 3285 1950 3326 eo
1968 3259 2358 3325 dictutrum

292 3362 502 3445 magis
552 3363 776 3423 censes
822 3360 969 3425 fore
1013 3375 1088 3427 ut
1124 3364 1340 3429 dolori
1374 3377 1697 3451 repugnet
1742 3377 1809 3429 et
1852 3366 2095 3428 resistat
2143 3377 2354 3440 quum

291 3461 732 3549 conspiciatur
768 3485 806 3525 a
840 3465 1213 3546 similibuffi,
1248 3490 1332 3532 an
1367 3491 1575 3553 quum
1602 3470 1673 3534 in
1728 3465 2085 3532 solitudine
2131 3481 2250 3544 per
2289 3456 2360 3518 se

286 3559 428 3651 ipse
457 3564 800 3626 versetur?
832 3568 1127 3633 Multum
1160 3572 1343 3647 sane,
1374 3571 1631 3657 inquit,
1665 3569 1928 3635 differet
1956 3581 2162 3647 quum
2203 3580 2364 3620 con·-
2397 3585 2402 3594 ¹

283 3664 623 3753 spiciatur.
726 3668 1036 3735 Desertus
1087 3684 1306 3764 autem
1347 3697 1556 3759 quum
1602 3674 1761 3748 erit,
1805 3666 2085 3753 opinor,
2145 3660 2360 3724 muna

287 3767 635 3832 sustinebit
667 3768 996 3853 proferre,
1041 3795 1329 3856 quorum
1386 3779 1427 3838 fi
1473 3775 1621 3856 quis
1648 3770 1915 3836 audiret
1958 3766 2178 3853 ipsum
2222 3787 2357 3853 pu·-

289 3872 510 3952 deret,
558 3873 766 3936 multa
797 3896 1060 3959 quoque
1090 3876 1284 3939 faciet
1313 3898 1481 3959 quae
1504 3878 1570 3938 se
1595 3873 1948 3938 facientem
1980 3894 2116 3936 non
2146 3889 2355 3959 cupe-

285 3983 394 4036 ret
440 3995 478 4036 a
532 3995 871 4057 qumquam
929 3976 1163 4041 videri.
1251 3979 1350 4044 Ita
1389 3976 1622 4053 habet,
1682 3974 1914 4060 inquit.
2003 3977 2244 4048 Nonne
2284 3975 2353 4038 id

286 4075 461 4160 quod
494 4089 570 4141 ut
601 4079 962 4143 resistamus
1011 4078 1399 4174 cohortatur
1440 4076 1611 4144 ratio
1659 4089 1722 4142 et
1761 4079 1876 4146 lex
1914 4083 2034 4167 est,
2077 4082 2145 4146 id
2186 4097 2351 4144 vero
