2738 4600
1033 357 1539 443 TIMAEUS.
1747 426 1752 433 ,
2198 364 2326 432 125

232 552 380 606 ‘nec
411 525 836 598 seditionibus
875 526 1155 614 aliisque
1196 531 1391 596 malis
1435 552 1607 616 quae
1644 543 2001 621 repererat.
2033 532 2174 601 hue
2204 556 2326 600 re·-

245 636 471 701 versus
498 645 762 697 coac-,tus
796 630 1018 698 fuiffet
1055 655 1204 698 eam
1239 635 1612 720 negligere,
1653 658 1802 701 mea
1845 639 2118 722 quidem
2163 640 2324 703 sen·

244 737 450 802 tentia
478 756 698 820 neque
726 734 1042 798 Hesiodus
1071 758 1291 822 neque
1317 736 1653 803 Homerus
1701 759 1918 821 neque
1948 741 2116 806 alius
2144 742 2324 807 ullus

241 836 600 926 'poetarum
651 837 935 902 nobilior
993 860 1321 922 umquam
1366 840 1508 926 lpso
1550 843 1860 907 evasisset.
1963 840 2324 929 Quaenam

243 954 389 1008 erat
423 941 715 1006 nai-ratio
752 939 902 1018 illa,
946 939 1205 1024 inquit,
1251 942 1510 1007 Critia?
1557 942 1739 1008 Facti
1768 944 2319 1029 summi‚inquit‚

238 1044 534 1129 iureque
588 1042 1070 1108 celebratissimi
1128 1045 1468 1124 omnium,
1535 1046 1710 1130 quod
1753 1046 1918 1110 haec
1965 1043 2122 1108 urbs
2164 1047 2325 1129 ges-

181 1168 186 1176 ·
240 1147 355 1219 fit,
412 1146 564 1209 licet
610 1144 698 1208 ob
742 1155 1124 1229 temporum
1191 1146 1744 1232 longinquitatem
1794 1168 2166 1231 eorumque
2205 1144 2327 1231 qui

237 1248 309 1313 id
340 1253 667 1333 gesserunt
708 1247 1065 1312 interitum
1106 1247 1251 1339 eius
1294 1246 1478 1312 fama
1511 1272 1715 1333 usque
1752 1252 1836 1315 ad
1884 1251 2015 1314 hoc
2043 1263 2319 1334 tempus

180 1358 197 1377 '
236 1372 384 1414 non
414 1349 781 1415 duraverit.
824 1350 953 1413 Dic
994 1349 1081 1413 ab
1107 1348 1332 1423 initio,
1372 1348 1621 1434 inquit,
1666 1352 1829 1437 quid
1874 1366 1937 1417 et
1977 1349 2321 1438 quomodo

238 1463 304 1518 et
333 1474 375 1517 a
413 1450 816 1537 quibusnam
849 1448 1055 1515 Solon
1094 1451 1433 1523 audiverit
1458 1465 1525 1518 et
1551 1454 1887 1520 retulerit.

410 1556 519 1620 1⁴,st
550 1554 881 1637 quaedam
914 1553 985 1617 in
1017 1556 1359 1641 Aegypto,
1402 1555 1664 1641 inquit,
1692 1556 1764 1620 in
1791 1556 2020 1630 Delta,
2062 1555 2323 1620 circum

233 1656 419 1744 quod
457 1657 532 1719 in
564 1654 818 1719 vertice.
842 1654 1158 1721 scinditur
1188 1656 1319 1723 ani
1353 1656 1643 1731 fluvius,
1688 1658 1935 1723 Saitica
1980 1678 2156 1742 quae
2193 1678 2324 1740 ap-

228 1763 536 1848 pellatur
592 1755 1055 1846 praefectura,
1111 1760 1455 1843 huiusque
1496 1757 1965 1844 praefecturae
2021 1757 2327 1823 maxima

231 1861 409 1925 urbs
447 1858 624 1941 Sais,
672 1858 853 1924 unde
904 1859 1103 1922 etiam
1134 1862 1383 1923 Amatis
1428 1871 1573 1923 erat
1602 1883 1763 1926 rexz
1821 1862 2013 1927 ouius
2050 1856 2330 1945 quidem

229 1962 428 2029 urbis
457 1961 620 2026 deus
649 1962 919 2047 quidam
949 1960 1260 2025 conditor
1289 1962 1396 2039 est,
1416 1961 1500 2025 ab
1513 1963 1855 2051 Aegyptiis
1874 1963 2087 2026 dictus
2101 1958 2327 2035 Neith,

232 2089 277 2131 a
318 2064 596 2130 Graecis
627 2085 821 2139 vere,
869 2075 941 2127 ut
972 2064 1065 2127 illi
1099 2064 1403 2141 tradunt,
1451 2063 1746 2137 Athene3
1794 2066 2158 2131 admodum
2194 2085 2326 2127 au-

233 2178 383 2232 tem
444 2163 956 2229 Atheniensibus
1019 2164 1269 2229 amicos
1316 2177 1392 2228 et
1446 2166 1944 2250 quodammodo
2005 2180 2322 2254 cognatos

233 2268 423 2335 hisce
445 2266 510 2331 se
543 2265 771 2333 dicunt
798 2271 940 2333 effe.
988 2288 1121 2352 quo
1165 2266 1435 2354 quidem
1469 2267 1678 2335 Solon
1716 2272 1785 2334 se
1816 2270 2120 2336 narravit
2153 2290 2324 2356 pro-

233 2372 489 2436 fectum
524 2394 766 2457 magno
808 2371 989 2458 apud
1015 2393 1126 2433 eos
1163 2370 1238 2434 in
1286 2370 1543 2435 honore
1584 2372 1812 2450 fuisse,
1856 2384 2062 2455 atque
2093 2369 2322 2446 etiam,

236 2496 447 2560 quum
490 2495 595 2536 res
636 2457 1391 2561 pristinasquaefiviffet
1437 2496 1523 2538 ex
1563 2475 1661 2538 eis
1708 2472 2160 2539 sacerdotibus
2204 2459 2327 2554 qui

233 2576 473 2641 talium
526 2576 891 2659 peritissimi
937 2573 1234 2654 fuissent,
1294 2576 1794 2663 propemodum
1838 2579 1972 2642 sese
2010 2574 2325 2663 reperisse

234 2700 464 2762 neque
507 2678 575 2739 se
621 2678 835 2762 ipsum
863 2697 1080 2761 neque
1103 2675 1311 2739 alium
1343 2698 1549 2759 quem
1582 2679 1921 2754 Graecum
1970 2680 2074 2743 vel
2118 2671 2327 2742 mini-

170 2785 189 2794 “
235 2803 424 2848 mam
456 2779 702 2843 harum
732 2800 968 2842 rerum
997 2775 1302 2841 notitiam
1322 2777 1700 2845 habentem.
1719 2792 1924 2867 atque
1953 2778 2323 2866 aliquando

245 2904 458 2967 quum
499 2905 609 2946 eos
636 2879 920 2968 incitare
952 2875 1256 2944 voluisset
1281 2892 1358 2944 ut
1392 2880 1477 2946 de
1523 2884 1723 2950 rebus
1746 2884 2036 2973 antiquis
2080 2905 2329 2949 narra-

239 2997 428 3064 rent,
474 2984 557 3048 de
585 2981 1046 3068 antiquissimis
1076 2982 1325 3047 horum
1359 2984 1548 3049 factis
1579 2988 1643 3050 se
1678 3010 1957 3053 narrare
1993 2986 2325 3073 incepisse,

239 3085 325 3149 de
361 3086 711 3150 Phoroneo
751 3085 976 3171 primo
1021 3083 1197 3148 dicto
1249 3099 1317 3150 et
1354 3087 1606 3168 Niobe,
1650 3103 1720 3153 et
1762 3095 1900 3178 post
1935 3090 2327 3154 eluvionem
2439 3143 2442 3152 .

240 3187 327 3251 de
370 3186 778 3252 Deucalione
807 3198 873 3252 et
907 3186 1170 3274 Pyrrha
1195 3189 1534 3271 quomodo
1580 3192 1908 3257 evaserint
1933 3191 2323 3268 disseruisse,

241 3309 477 3353 eorum
498 3288 772 3374 stirpem
789 3295 1203 3355 enumerafl'e
1232 3305 1300 3355 et
1330 3316 1543 3358 annos
1557 3304 1719 3378 quot
1737 3295 1982 3381 cuique
2010 3289 2328 3375 contigis-

236 3391 387 3453 sent
411 3412 643 3455 eorum
694 3393 778 3457 de
807 3391 1046 3477 quibus
1088 3405 1471 3480 exponeret
1504 3407 1817 3462 conatum
1865 3400 1933 3460 se
1977 3402 2102 3461 esse
2131 3412 2327 3457 com·—

236 3501 727 3557 memorantem
761 3505 1067 3579 tempora
1098 3504 1512 3574 numeraffe3
1560 3511 1709 3564 tum
1759 3499 2050 3583 aliquem
2097 3490 2330 3557 dixiffe
2397 3571 2404 3580 ο

238 3615 276 3656 e
317 3592 775 3658 sacerdotibus
812 3606 1032 3660 aetate
1068 3597 1263 3663 valde
1312 3614 1754 3686 provectum:
1817 3602 1877 3663 O
1912 3598 2152 3675 Solon,
2198 3593 2327 3661 So-

237 3693 387 3776 lon,
436 3695 683 3761 Graeci
733 3699 997 3787 semper
1047 3700 1247 3786 pueri
1290 3702 1471 3783 estis,
1533 3707 1734 3768 senex
1780 3700 2199 3766 Graecorum
2241 3698 2330 3764 est

237 3799 481 3865 nullus.
573 3800 772 3887 Quae
803 3820 1013 3885 quum
1063 3802 1451 3880 audiviffet,
1502 3803 1870 3892 Quomodo
1903 3813 1971 3865 et
2010 3800 2165 3887 quid
2202 3800 2331 3867 hoo

245 3902 452 3966 dicis‘.>
497 3903 561 3966 se
591 3904 1037 3987 interrogasse.
1128 3906 1413 3971 Iuvenes
1450 3906 1625 3984 estis,
1669 3904 1861 3968 illum
1908 3904 2329 3991 respondisse,

240 4004 318 4066 ad
347 4002 608 4069 animos
648 4026 923 4082 omnes;
967 4006 1225 4071 nullam
1260 4006 1443 4069 enim
1484 4004 1555 4067 in
1597 4003 1703 4068 his
1740 4003 1999 4072 habetis
2028 4030 2113 4072 ex
2154 4006 2332 4073 anti-

238 4126 371 4191 qua
419 4106 772 4176 auditione
830 4120 1139 4175 veterem
1179 4106 1582 4172 sententiam
1618 4129 1858 4206 'neque
1915 4109 2328 4198 disciplinam
