<?xml version="1.0" encoding="UTF-8"?>
<!DOCTYPE html PUBLIC "-//W3C//DTD XHTML 1.0 Transitional//EN"
    "http://www.w3.org/TR/xhtml1/DTD/xhtml1-transitional.dtd">
<html xmlns="http://www.w3.org/1999/xhtml" xml:lang="en" lang="en">
 <head>
  <title>
</title>
<meta http-equiv="Content-Type" content="text/html;charset=utf-8" />
  <meta name='ocr-system' content='tesseract 3.04.00' />
  <meta name='ocr-capabilities' content='ocr_page ocr_carea ocr_par ocr_line ocrx_word'/>
</head>
<body>
  <div class='ocr_page' id='page_1' title='image "./platonisquaeexs00astgoog_0245.png"; bbox 0 0 2738 4600; ppageno 0'>
   <div class='ocr_carea' id='block_1_1' title="bbox 1101 365 2392 455">
    <p class='ocr_par' dir='ltr' id='par_1_1' title="bbox 1101 365 2392 455">
     <span class='ocr_line' id='line_1_1' title="bbox 1101 365 2392 455; baseline 0.002 -21"><span class='ocrx_word' id='word_1_1' title='bbox 1101 365 1608 434; x_wconf 85' lang='lat' dir='ltr'><strong>TIMAEUS.</strong></span> <span class='ocrx_word' id='word_1_2' title='bbox 2273 372 2392 455; x_wconf 71' lang='lat'><strong>257</strong></span> 
     </span>
    </p>
   </div>
   <div class='ocr_carea' id='block_1_2' title="bbox 245 537 2395 4207">
    <p class='ocr_par' dir='ltr' id='par_1_2' title="bbox 245 537 2395 4207">
     <span class='ocr_line' id='line_1_2' title="bbox 317 537 2394 633; baseline -0.001 -23"><span class='ocrx_word' id='word_1_3' title='bbox 317 547 557 633; x_wconf 85' lang='lat' dir='ltr'><strong>susque</strong></span> <span class='ocrx_word' id='word_1_4' title='bbox 594 539 1049 628; x_wconf 73' lang='lat' dir='ltr'><strong>refrigeratus,</strong></span> <span class='ocrx_word' id='word_1_5' title='bbox 1092 537 1268 628; x_wconf 67' lang='lat' dir='ltr'><strong>carie</strong></span> <span class='ocrx_word' id='word_1_6' title='bbox 1299 539 1571 603; x_wconf 83' lang='lat' dir='ltr'><strong>exesum</strong></span> <span class='ocrx_word' id='word_1_7' title='bbox 1605 537 1737 601; x_wconf 85' lang='lat' dir='ltr'><strong>cito</strong></span> <span class='ocrx_word' id='word_1_8' title='bbox 1768 551 2249 630; x_wconf 81' lang='lat' dir='ltr'><strong>corrupturum</strong></span> <span class='ocrx_word' id='word_1_9' title='bbox 2270 547 2394 609; x_wconf 78' lang='lat' dir='ltr'><strong>esse</strong></span> 
     </span>
     <span class='ocr_line' id='line_1_3' title="bbox 319 640 2395 719; baseline -0.003 -9"><span class='ocrx_word' id='word_1_10' title='bbox 319 649 543 714; x_wconf 84' lang='lat' dir='ltr'><strong>semen</strong></span> <span class='ocrx_word' id='word_1_11' title='bbox 572 646 641 710; x_wconf 86' lang='lat' dir='ltr'><strong>in</strong></span> <span class='ocrx_word' id='word_1_12' title='bbox 671 648 737 709; x_wconf 86' lang='lat' dir='ltr'><strong>se</strong></span> <span class='ocrx_word' id='word_1_13' title='bbox 769 642 1122 719; x_wconf 84' lang='lat' dir='ltr'><strong>inclusum,</strong></span> <span class='ocrx_word' id='word_1_14' title='bbox 1148 640 1321 705; x_wconf 90' lang='lat' dir='ltr'><strong>hanc</strong></span> <span class='ocrx_word' id='word_1_15' title='bbox 1352 640 1441 703; x_wconf 91' lang='lat' dir='ltr'><strong>ob</strong></span> <span class='ocrx_word' id='word_1_16' title='bbox 1470 642 1731 705; x_wconf 77' lang='lat' dir='ltr'><strong>eausam</strong></span> <span class='ocrx_word' id='word_1_17' title='bbox 1760 665 2129 709; x_wconf 89' lang='lat' dir='ltr'><strong>nervorum</strong></span> <span class='ocrx_word' id='word_1_18' title='bbox 2161 659 2226 710; x_wconf 88' lang='lat' dir='ltr'><strong>et</strong></span> <span class='ocrx_word' id='word_1_19' title='bbox 2243 667 2395 711; x_wconf 79' lang='lat' dir='ltr'><strong>car..-</strong></span> 
     </span>
     <span class='ocr_line' id='line_1_4' title="bbox 317 742 2392 836; baseline -0 -22"><span class='ocrx_word' id='word_1_20' title='bbox 317 750 420 815; x_wconf 74' lang='lat' dir='ltr'><strong>nis</strong></span> <span class='ocrx_word' id='word_1_21' title='bbox 470 770 683 836; x_wconf 82' lang='lat' dir='ltr'><strong>genus</strong></span> <span class='ocrx_word' id='word_1_22' title='bbox 731 742 1146 810; x_wconf 79' lang='lat' dir='ltr'><strong>machinatus</strong></span> <span class='ocrx_word' id='word_1_23' title='bbox 1171 744 1310 821; x_wconf 83' lang='lat' dir='ltr'><strong>·est,</strong></span> <span class='ocrx_word' id='word_1_24' title='bbox 1365 753 1442 806; x_wconf 86' lang='lat' dir='ltr'><strong>ut</strong></span> <span class='ocrx_word' id='word_1_25' title='bbox 1486 744 1712 809; x_wconf 83' lang='lat' dir='ltr'><strong>omnia</strong></span> <span class='ocrx_word' id='word_1_26' title='bbox 1747 745 2051 808; x_wconf 86' lang='lat' dir='ltr'><strong>membra</strong></span> <span class='ocrx_word' id='word_1_27' title='bbox 2075 747 2392 834; x_wconf 76' lang='lat' dir='ltr'><strong>colligans</strong></span> 
     </span>
     <span class='ocr_line' id='line_1_5' title="bbox 315 845 2391 952; baseline -0.001 -35"><span class='ocrx_word' id='word_1_28' title='bbox 315 852 434 918; x_wconf 84' lang='lat' dir='ltr'><strong>illo</strong></span> <span class='ocrx_word' id='word_1_29' title='bbox 486 854 553 918; x_wconf 81' lang='lat' dir='ltr'><strong>se</strong></span> <span class='ocrx_word' id='word_1_30' title='bbox 598 847 1038 932; x_wconf 81' lang='lat' dir='ltr'><strong>adstringente</strong></span> <span class='ocrx_word' id='word_1_31' title='bbox 1086 858 1156 910; x_wconf 89' lang='lat' dir='ltr'><strong>et</strong></span> <span class='ocrx_word' id='word_1_32' title='bbox 1195 846 1544 910; x_wconf 74' lang='lat' dir='ltr'><strong>relaxante</strong></span> <span class='ocrx_word' id='word_1_33' title='bbox 1587 846 1759 952; x_wconf 51' lang='lat' dir='ltr'><strong>circ&#39;a</strong></span> <span class='ocrx_word' id='word_1_34' title='bbox 1801 845 2104 914; x_wconf 75' lang='lat' dir='ltr'><strong>cardines</strong></span> <span class='ocrx_word' id='word_1_35' title='bbox 2151 872 2391 937; x_wconf 82' lang='lat' dir='ltr'><strong>empus</strong></span> 
     </span>
     <span class='ocr_line' id='line_1_6' title="bbox 319 947 2393 1023; baseline -0.001 -4"><span class='ocrx_word' id='word_1_36' title='bbox 319 953 618 1019; x_wconf 84' lang='lat' dir='ltr'><strong>efficeret</strong></span> <span class='ocrx_word' id='word_1_37' title='bbox 648 951 783 1015; x_wconf 85' lang='lat' dir='ltr'><strong>sese</strong></span> <span class='ocrx_word' id='word_1_38' title='bbox 813 947 1087 1013; x_wconf 83' lang='lat' dir='ltr'><strong>flectens</strong></span> <span class='ocrx_word' id='word_1_39' title='bbox 1113 957 1179 1010; x_wconf 85' lang='lat' dir='ltr'><strong>et</strong></span> <span class='ocrx_word' id='word_1_40' title='bbox 1194 947 1591 1023; x_wconf 78' lang='lat' dir='ltr'><strong>extendens,</strong></span> <span class='ocrx_word' id='word_1_41' title='bbox 1639 972 1912 1015; x_wconf 82' lang='lat' dir='ltr'><strong>carnem</strong></span> <span class='ocrx_word' id='word_1_42' title='bbox 1941 964 2164 1016; x_wconf 84' lang='lat' dir='ltr'><strong>autem</strong></span> <span class='ocrx_word' id='word_1_43' title='bbox 2207 952 2393 1016; x_wconf 85' lang='lat' dir='ltr'><strong>arbi-</strong></span> 
     </span>
     <span class='ocr_line' id='line_1_7' title="bbox 319 1051 2393 1139; baseline -0.001 -17"><span class='ocrx_word' id='word_1_44' title='bbox 319 1069 537 1122; x_wconf 71' lang='lat' dir='ltr'><strong>iratus</strong></span> <span class='ocrx_word' id='word_1_45' title='bbox 573 1057 660 1120; x_wconf 84' lang='lat' dir='ltr'><strong>est</strong></span> <span class='ocrx_word' id='word_1_46' title='bbox 697 1052 847 1117; x_wconf 83' lang='lat' dir='ltr'><strong>fore</strong></span> <span class='ocrx_word' id='word_1_47' title='bbox 894 1051 1474 1139; x_wconf 85' lang='lat' dir='ltr'>propugnaculum</span> <span class='ocrx_word' id='word_1_48' title='bbox 1518 1053 1836 1118; x_wconf 81' lang='lat' dir='ltr'><strong>adversus</strong></span> <span class='ocrx_word' id='word_1_49' title='bbox 1866 1056 2113 1119; x_wconf 85' lang='lat' dir='ltr'><strong>aestum</strong></span> <span class='ocrx_word' id='word_1_50' title='bbox 2146 1067 2216 1118; x_wconf 87' lang='lat' dir='ltr'><strong>et</strong></span> <span class='ocrx_word' id='word_1_51' title='bbox 2237 1079 2393 1119; x_wconf 89' lang='lat' dir='ltr'><strong>mu-</strong></span> 
     </span>
     <span class='ocr_line' id='line_1_8' title="bbox 307 1143 2393 1240; baseline -0.001 -16"><span class='ocrx_word' id='word_1_52' title='bbox 307 1143 700 1226; x_wconf 76' lang='lat' dir='ltr'><strong>-nimentum</strong></span> <span class='ocrx_word' id='word_1_53' title='bbox 734 1154 1050 1219; x_wconf 82' lang='lat' dir='ltr'><strong>adversus</strong></span> <span class='ocrx_word' id='word_1_54' title='bbox 1085 1152 1313 1239; x_wconf 74' lang='lat' dir='ltr'><strong>frigus,</strong></span> <span class='ocrx_word' id='word_1_55' title='bbox 1361 1168 1710 1240; x_wconf 82' lang='lat' dir='ltr'><strong>praeterea</strong></span> <span class='ocrx_word' id='word_1_56' title='bbox 1740 1158 2056 1221; x_wconf 76' lang='lat' dir='ltr'><strong>adversus</strong></span> <span class='ocrx_word' id='word_1_57' title='bbox 2084 1158 2393 1222; x_wconf 80' lang='lat' dir='ltr'><strong>casusin-</strong></span> 
     </span>
     <span class='ocr_line' id='line_1_9' title="bbox 318 1253 2393 1347; baseline -0.003 -21"><span class='ocrx_word' id='word_1_58' title='bbox 318 1263 446 1326; x_wconf 85' lang='lat' dir='ltr'><strong>star</strong></span> <span class='ocrx_word' id='word_1_59' title='bbox 477 1282 702 1325; x_wconf 89' lang='lat' dir='ltr'><strong>rerum</strong></span> <span class='ocrx_word' id='word_1_60' title='bbox 748 1279 832 1321; x_wconf 85' lang='lat' dir='ltr'><strong>ex</strong></span> <span class='ocrx_word' id='word_1_61' title='bbox 857 1256 1007 1320; x_wconf 84' lang='lat' dir='ltr'><strong>lana</strong></span> <span class='ocrx_word' id='word_1_62' title='bbox 1036 1266 1261 1319; x_wconf 86' lang='lat' dir='ltr'><strong>coacta</strong></span> <span class='ocrx_word' id='word_1_63' title='bbox 1305 1253 1672 1339; x_wconf 85' lang='lat' dir='ltr'><strong>factarum,</strong></span> <span class='ocrx_word' id='word_1_64' title='bbox 1718 1257 2118 1347; x_wconf 73' lang='lat' dir='ltr'><strong>corporibus</strong></span> <span class='ocrx_word' id='word_1_65' title='bbox 2160 1258 2393 1322; x_wconf 88' lang='lat' dir='ltr'><strong>molli-</strong></span> 
     </span>
     <span class='ocr_line' id='line_1_10' title="bbox 293 1359 2394 1444; baseline -0.002 -16"><span class='ocrx_word' id='word_1_66' title='bbox 293 1376 420 1444; x_wconf 21' lang='lat' dir='ltr'><strong>‘ter</strong></span> <span class='ocrx_word' id='word_1_67' title='bbox 474 1373 540 1425; x_wconf 89' lang='lat' dir='ltr'><strong>et</strong></span> <span class='ocrx_word' id='word_1_68' title='bbox 586 1359 823 1424; x_wconf 84' lang='lat' dir='ltr'><strong>leniter</strong></span> <span class='ocrx_word' id='word_1_69' title='bbox 852 1359 1200 1425; x_wconf 82' lang='lat' dir='ltr'>cedentem</span> <span class='ocrx_word' id='word_1_70' title='bbox 1228 1406 1256 1434; x_wconf 76' lang='grc'><strong>,,</strong></span> <span class='ocrx_word' id='word_1_71' title='bbox 1294 1359 1584 1424; x_wconf 77' lang='lat' dir='ltr'><strong>calidum</strong></span> <span class='ocrx_word' id='word_1_72' title='bbox 1629 1383 1795 1424; x_wconf 88' lang='lat' dir='ltr'><strong>vero</strong></span> <span class='ocrx_word' id='word_1_73' title='bbox 1830 1363 2189 1428; x_wconf 87' lang='lat' dir='ltr'><strong>humorem</strong></span> <span class='ocrx_word' id='word_1_74' title='bbox 2227 1360 2296 1423; x_wconf 89' lang='lat' dir='ltr'><strong>in</strong></span> <span class='ocrx_word' id='word_1_75' title='bbox 2327 1361 2394 1424; x_wconf 88' lang='lat' dir='ltr'><strong>se</strong></span> 
     </span>
     <span class='ocr_line' id='line_1_11' title="bbox 316 1459 2393 1545; baseline -0.001 -14"><span class='ocrx_word' id='word_1_76' title='bbox 316 1465 705 1542; x_wconf 73' lang='lat' dir='ltr'><strong>habentem,</strong></span> <span class='ocrx_word' id='word_1_77' title='bbox 753 1461 862 1545; x_wconf 90' lang='lat' dir='ltr'><strong>qui</strong></span> <span class='ocrx_word' id='word_1_78' title='bbox 890 1462 1122 1525; x_wconf 86' lang='lat' dir='ltr'><strong>aestate</strong></span> <span class='ocrx_word' id='word_1_79' title='bbox 1147 1459 1417 1545; x_wconf 79' lang='lat' dir='ltr'><strong>quidem</strong></span> <span class='ocrx_word' id='word_1_80' title='bbox 1452 1461 1691 1526; x_wconf 86' lang='lat' dir='ltr'><strong>sudans</strong></span> <span class='ocrx_word' id='word_1_81' title='bbox 1730 1475 1796 1526; x_wconf 90' lang='lat' dir='ltr'><strong>et</strong></span> <span class='ocrx_word' id='word_1_82' title='bbox 1824 1462 2232 1528; x_wconf 78' lang='lat' dir='ltr'><strong>madefactus</strong></span> <span class='ocrx_word' id='word_1_83' title='bbox 2262 1486 2393 1528; x_wconf 83' lang='lat' dir='ltr'><strong>ex·-</strong></span> 
     </span>
     <span class='ocr_line' id='line_1_12' title="bbox 314 1563 2393 1654; baseline -0.001 -20"><span class='ocrx_word' id='word_1_84' title='bbox 314 1565 639 1634; x_wconf 83' lang='lat' dir='ltr'><strong>trinsecus</strong></span> <span class='ocrx_word' id='word_1_85' title='bbox 674 1563 884 1648; x_wconf 84' lang='lat' dir='ltr'><strong>frigus</strong></span> <span class='ocrx_word' id='word_1_86' title='bbox 922 1584 1121 1626; x_wconf 91' lang='lat' dir='ltr'><strong>omne</strong></span> <span class='ocrx_word' id='word_1_87' title='bbox 1152 1586 1275 1650; x_wconf 87' lang='lat' dir='ltr'><strong>per</strong></span> <span class='ocrx_word' id='word_1_88' title='bbox 1297 1584 1551 1650; x_wconf 46' lang='lat' dir='ltr'><strong>‚corpus</strong></span> <span class='ocrx_word' id='word_1_89' title='bbox 1580 1564 2004 1652; x_wconf 81' lang='lat' dir='ltr'><strong>praebiturus</strong></span> <span class='ocrx_word' id='word_1_90' title='bbox 2047 1571 2201 1654; x_wconf 60' lang='lat' dir='ltr'><strong>effqt</strong></span> <span class='ocrx_word' id='word_1_91' title='bbox 2227 1590 2393 1653; x_wconf 87' lang='lat' dir='ltr'><strong>pro-</strong></span> 
     </span>
     <span class='ocr_line' id='line_1_13' title="bbox 313 1664 2391 1764; baseline 0 -32"><span class='ocrx_word' id='word_1_92' title='bbox 313 1669 567 1764; x_wconf 82' lang='lat' dir='ltr'><strong>prium,</strong></span> <span class='ocrx_word' id='word_1_93' title='bbox 615 1664 838 1732; x_wconf 88' lang='lat' dir='ltr'><strong>hieme</strong></span> <span class='ocrx_word' id='word_1_94' title='bbox 862 1676 1086 1729; x_wconf 85' lang='lat' dir='ltr'><strong>autem</strong></span> <span class='ocrx_word' id='word_1_95' title='bbox 1123 1665 1419 1751; x_wconf 78' lang='lat' dir='ltr'><strong>frigusin</strong></span> <span class='ocrx_word' id='word_1_96' title='bbox 1448 1667 1629 1731; x_wconf 87' lang='lat' dir='ltr'><strong>hunc</strong></span> <span class='ocrx_word' id='word_1_97' title='bbox 1663 1667 2244 1754; x_wconf 79' lang='lat' dir='ltr'><strong>ignem-invadens</strong></span> <span class='ocrx_word' id='word_1_98' title='bbox 2270 1692 2391 1733; x_wconf 83' lang='lat' dir='ltr'><strong>ex·-</strong></span> 
     </span>
     <span class='ocr_line' id='line_1_14' title="bbox 315 1765 2388 1857; baseline 0 -21"><span class='ocrx_word' id='word_1_99' title='bbox 315 1772 635 1836; x_wconf 82' lang='lat' dir='ltr'><strong>trinsecus</strong></span> <span class='ocrx_word' id='word_1_100' title='bbox 679 1779 743 1832; x_wconf 87' lang='lat' dir='ltr'><strong>et</strong></span> <span class='ocrx_word' id='word_1_101' title='bbox 789 1765 1270 1834; x_wconf 83' lang='lat' dir='ltr'><strong>circumfusum</strong></span> <span class='ocrx_word' id='word_1_102' title='bbox 1319 1768 1472 1831; x_wconf 79' lang='lat' dir='ltr'><strong>satis</strong></span> <span class='ocrx_word' id='word_1_103' title='bbox 1511 1773 1663 1833; x_wconf 82' lang='lat' dir='ltr'><strong>effet</strong></span> <span class='ocrx_word' id='word_1_104' title='bbox 1691 1793 1729 1833; x_wconf 82' lang='lat' dir='ltr'><strong>a</strong></span> <span class='ocrx_word' id='word_1_105' title='bbox 1761 1771 1823 1833; x_wconf 91' lang='lat' dir='ltr'><strong>se</strong></span> <span class='ocrx_word' id='word_1_106' title='bbox 1853 1770 2388 1857; x_wconf 54' lang='lat' dir='ltr'><strong>propulsaturum</strong></span> 
     </span>
     <span class='ocr_line' id='line_1_15' title="bbox 316 1867 2387 1957; baseline -0.001 -19"><span class='ocrx_word' id='word_1_107' title='bbox 316 1873 486 1938; x_wconf 90' lang='lat' dir='ltr'><strong>haec</strong></span> <span class='ocrx_word' id='word_1_108' title='bbox 513 1874 803 1957; x_wconf 71' lang='lat' dir='ltr'><strong>spectans</strong></span> <span class='ocrx_word' id='word_1_109' title='bbox 835 1867 888 1931; x_wconf 90' lang='lat' dir='ltr'><strong>is</strong></span> <span class='ocrx_word' id='word_1_110' title='bbox 920 1867 1035 1953; x_wconf 89' lang='lat' dir='ltr'><strong>qui</strong></span> <span class='ocrx_word' id='word_1_111' title='bbox 1062 1891 1183 1933; x_wconf 85' lang='lat' dir='ltr'><strong>nos</strong></span> <span class='ocrx_word' id='word_1_112' title='bbox 1219 1869 1416 1935; x_wconf 86' lang='lat' dir='ltr'><strong>finxit</strong></span> <span class='ocrx_word' id='word_1_113' title='bbox 1454 1892 1608 1933; x_wconf 88' lang='lat' dir='ltr'><strong>cum</strong></span> <span class='ocrx_word' id='word_1_114' title='bbox 1640 1893 1813 1957; x_wconf 86' lang='lat' dir='ltr'><strong>aqua</strong></span> <span class='ocrx_word' id='word_1_115' title='bbox 1849 1885 1913 1935; x_wconf 83' lang='lat' dir='ltr'><strong>et</strong></span> <span class='ocrx_word' id='word_1_116' title='bbox 1939 1874 2091 1957; x_wconf 87' lang='lat' dir='ltr'><strong>igne</strong></span> <span class='ocrx_word' id='word_1_117' title='bbox 2110 1884 2176 1936; x_wconf 86' lang='lat' dir='ltr'><strong>et</strong></span> <span class='ocrx_word' id='word_1_118' title='bbox 2204 1885 2387 1936; x_wconf 86' lang='lat' dir='ltr'><strong>terra</strong></span> 
     </span>
     <span class='ocr_line' id='line_1_16' title="bbox 316 1963 2391 2040; baseline -0 -1"><span class='ocrx_word' id='word_1_119' title='bbox 316 1975 496 2040; x_wconf 75' lang='lat' dir='ltr'><strong>inter</strong></span> <span class='ocrx_word' id='word_1_120' title='bbox 531 1963 596 2040; x_wconf 83' lang='lat' dir='ltr'><strong>se</strong></span> <span class='ocrx_word' id='word_1_121' title='bbox 623 1971 849 2037; x_wconf 81' lang='lat' dir='ltr'><strong>mixtis</strong></span> <span class='ocrx_word' id='word_1_122' title='bbox 887 1983 949 2034; x_wconf 89' lang='lat' dir='ltr'><strong>et</strong></span> <span class='ocrx_word' id='word_1_123' title='bbox 982 1971 1397 2038; x_wconf 81' lang='lat' dir='ltr'><strong>concinnatis</strong></span> <span class='ocrx_word' id='word_1_124' title='bbox 1430 1969 1837 2039; x_wconf 84' lang='lat' dir='ltr'><strong>fermentum</strong></span> <span class='ocrx_word' id='word_1_125' title='bbox 1858 1996 1944 2039; x_wconf 84' lang='lat' dir='ltr'><strong>ex</strong></span> <span class='ocrx_word' id='word_1_126' title='bbox 1974 1973 2162 2038; x_wconf 85' lang='lat' dir='ltr'><strong>acido</strong></span> <span class='ocrx_word' id='word_1_127' title='bbox 2195 1976 2391 2039; x_wconf 86' lang='lat' dir='ltr'><strong>etsal-</strong></span> 
     </span>
     <span class='ocr_line' id='line_1_17' title="bbox 315 2073 2394 2161; baseline 0 -20"><span class='ocrx_word' id='word_1_128' title='bbox 315 2080 387 2141; x_wconf 84' lang='lat' dir='ltr'><strong>so</strong></span> <span class='ocrx_word' id='word_1_129' title='bbox 430 2078 863 2161; x_wconf 79' lang='lat' dir='ltr'><strong>compositum</strong></span> <span class='ocrx_word' id='word_1_130' title='bbox 927 2073 1324 2158; x_wconf 78' lang='lat' dir='ltr'><strong>temperavit</strong></span> <span class='ocrx_word' id='word_1_131' title='bbox 1376 2096 1787 2161; x_wconf 80' lang='lat' dir='ltr'><strong>carnemque</strong></span> <span class='ocrx_word' id='word_1_132' title='bbox 1841 2076 2158 2143; x_wconf 86' lang='lat' dir='ltr'><strong>conflavit</strong></span> <span class='ocrx_word' id='word_1_133' title='bbox 2218 2077 2394 2143; x_wconf 88' lang='lat' dir='ltr'><strong>succi</strong></span> 
     </span>
     <span class='ocr_line' id='line_1_18' title="bbox 315 2177 2391 2270; baseline 0.001 -26"><span class='ocrx_word' id='word_1_134' title='bbox 315 2181 588 2270; x_wconf 82' lang='lat' dir='ltr'><strong>plenam</strong></span> <span class='ocrx_word' id='word_1_135' title='bbox 623 2201 698 2242; x_wconf 88' lang='lat' dir='ltr'><strong>ac</strong></span> <span class='ocrx_word' id='word_1_136' title='bbox 734 2177 1047 2250; x_wconf 76' lang='lat' dir='ltr'><strong>mollem:</strong></span> <span class='ocrx_word' id='word_1_137' title='bbox 1107 2197 1465 2241; x_wconf 83' lang='lat' dir='ltr'><strong>nervorum</strong></span> <span class='ocrx_word' id='word_1_138' title='bbox 1499 2191 1723 2243; x_wconf 83' lang='lat' dir='ltr'><strong>autem</strong></span> <span class='ocrx_word' id='word_1_139' title='bbox 1766 2194 2077 2245; x_wconf 81' lang='lat' dir='ltr'><strong>naturam</strong></span> <span class='ocrx_word' id='word_1_140' title='bbox 2116 2205 2199 2244; x_wconf 86' lang='lat' dir='ltr'><strong>ex</strong></span> <span class='ocrx_word' id='word_1_141' title='bbox 2245 2183 2391 2246; x_wconf 77' lang='lat' dir='ltr'><strong>offis</strong></span> 
     </span>
     <span class='ocr_line' id='line_1_19' title="bbox 269 2275 2390 2368; baseline 0 -20"><span class='ocrx_word' id='word_1_142' title='bbox 269 2275 274 2278; x_wconf 38' lang='lat'>⁵</span> <span class='ocrx_word' id='word_1_143' title='bbox 319 2304 384 2348; x_wconf 87' lang='lat' dir='ltr'><strong>et</strong></span> <span class='ocrx_word' id='word_1_144' title='bbox 416 2280 630 2347; x_wconf 84' lang='lat' dir='ltr'><strong>carnis</strong></span> <span class='ocrx_word' id='word_1_145' title='bbox 663 2303 798 2345; x_wconf 89' lang='lat' dir='ltr'><strong>non</strong></span> <span class='ocrx_word' id='word_1_146' title='bbox 835 2278 1273 2345; x_wconf 78' lang='lat' dir='ltr'><strong>fermentatae</strong></span> <span class='ocrx_word' id='word_1_147' title='bbox 1310 2282 1836 2368; x_wconf 81' lang='lat' dir='ltr'><strong>temperatione,</strong></span> <span class='ocrx_word' id='word_1_148' title='bbox 1880 2307 2085 2348; x_wconf 88' lang='lat' dir='ltr'><strong>unam</strong></span> <span class='ocrx_word' id='word_1_149' title='bbox 2127 2307 2213 2349; x_wconf 82' lang='lat' dir='ltr'><strong>ex</strong></span> <span class='ocrx_word' id='word_1_150' title='bbox 2251 2306 2390 2359; x_wconf 79' lang='lat' dir='ltr'><strong>am-</strong></span> 
     </span>
     <span class='ocr_line' id='line_1_20' title="bbox 315 2380 2391 2460; baseline 0.001 -10"><span class='ocrx_word' id='word_1_151' title='bbox 315 2380 530 2451; x_wconf 79' lang='lat' dir='ltr'><strong>bobus</strong></span> <span class='ocrx_word' id='word_1_152' title='bbox 562 2386 627 2448; x_wconf 90' lang='lat' dir='ltr'><strong>vi</strong></span> <span class='ocrx_word' id='word_1_153' title='bbox 666 2384 951 2449; x_wconf 87' lang='lat' dir='ltr'><strong>mediam</strong></span> <span class='ocrx_word' id='word_1_154' title='bbox 983 2381 1421 2460; x_wconf 83' lang='lat' dir='ltr'><strong>commiscuit,</strong></span> <span class='ocrx_word' id='word_1_155' title='bbox 1457 2383 1710 2455; x_wconf 85' lang='lat' dir='ltr'><strong>flavum</strong></span> <span class='ocrx_word' id='word_1_156' title='bbox 1734 2385 2024 2451; x_wconf 75' lang='lat' dir='ltr'><strong>colorem</strong></span> <span class='ocrx_word' id='word_1_157' title='bbox 2054 2388 2391 2453; x_wconf 67' lang='lat' dir='ltr'><strong>adhibms.</strong></span> 
     </span>
     <span class='ocr_line' id='line_1_21' title="bbox 318 2484 2392 2553; baseline 0 -1"><span class='ocrx_word' id='word_1_158' title='bbox 318 2489 500 2552; x_wconf 82' lang='lat' dir='ltr'><strong>unde</strong></span> <span class='ocrx_word' id='word_1_159' title='bbox 537 2485 972 2552; x_wconf 75' lang='lat' dir='ltr'><strong>intentiorem</strong></span> <span class='ocrx_word' id='word_1_160' title='bbox 1014 2496 1079 2547; x_wconf 90' lang='lat' dir='ltr'><strong>et</strong></span> <span class='ocrx_word' id='word_1_161' title='bbox 1108 2486 1520 2548; x_wconf 85' lang='lat' dir='ltr'><strong>tenaciorem</strong></span> <span class='ocrx_word' id='word_1_162' title='bbox 1563 2484 1880 2550; x_wconf 85' lang='lat' dir='ltr'><strong>carnibus</strong></span> <span class='ocrx_word' id='word_1_163' title='bbox 1910 2498 1976 2549; x_wconf 92' lang='lat' dir='ltr'><strong>et</strong></span> <span class='ocrx_word' id='word_1_164' title='bbox 2010 2488 2392 2553; x_wconf 78' lang='lat' dir='ltr'><strong>molliorem</strong></span> 
     </span>
     <span class='ocr_line' id='line_1_22' title="bbox 318 2586 2393 2673; baseline 0 -19"><span class='ocrx_word' id='word_1_165' title='bbox 318 2589 558 2654; x_wconf 79' lang='lat' dir='ltr'><strong>offibus</strong></span> <span class='ocrx_word' id='word_1_166' title='bbox 601 2600 799 2673; x_wconf 84' lang='lat' dir='ltr'><strong>atque</strong></span> <span class='ocrx_word' id='word_1_167' title='bbox 829 2587 1275 2650; x_wconf 81' lang='lat' dir='ltr'><strong>humidiorem</strong></span> <span class='ocrx_word' id='word_1_168' title='bbox 1310 2587 1486 2648; x_wconf 81' lang='lat' dir='ltr'><strong>nacti</strong></span> <span class='ocrx_word' id='word_1_169' title='bbox 1516 2586 1674 2648; x_wconf 88' lang='lat' dir='ltr'><strong>sunt</strong></span> <span class='ocrx_word' id='word_1_170' title='bbox 1699 2586 1835 2649; x_wconf 88' lang='lat' dir='ltr'><strong>vim</strong></span> <span class='ocrx_word' id='word_1_171' title='bbox 1873 2588 2103 2665; x_wconf 80' lang='lat' dir='ltr'><strong>nervi3</strong></span> <span class='ocrx_word' id='word_1_172' title='bbox 2149 2590 2393 2671; x_wconf 78' lang='lat' dir='ltr'><strong>quibus</strong></span> 
     </span>
     <span class='ocr_line' id='line_1_23' title="bbox 319 2686 2393 2774; baseline -0 -17"><span class='ocrx_word' id='word_1_173' title='bbox 319 2713 463 2757; x_wconf 89' lang='lat' dir='ltr'><strong>com</strong></span> <span class='ocrx_word' id='word_1_174' title='bbox 476 2689 892 2774; x_wconf 83' lang='lat' dir='ltr'><strong>prehendens</strong></span> <span class='ocrx_word' id='word_1_175' title='bbox 910 2688 1073 2749; x_wconf 83' lang='lat' dir='ltr'><strong>deus</strong></span> <span class='ocrx_word' id='word_1_176' title='bbox 1090 2691 1220 2752; x_wconf 85' lang='lat' dir='ltr'><strong>offa</strong></span> <span class='ocrx_word' id='word_1_177' title='bbox 1234 2697 1300 2751; x_wconf 82' lang='lat' dir='ltr'><strong>et</strong></span> <span class='ocrx_word' id='word_1_178' title='bbox 1317 2686 1708 2766; x_wconf 85' lang='lat' dir='ltr'><strong>medullam,</strong></span> <span class='ocrx_word' id='word_1_179' title='bbox 1728 2709 1936 2772; x_wconf 87' lang='lat' dir='ltr'><strong>quum</strong></span> <span class='ocrx_word' id='word_1_180' title='bbox 1958 2692 2183 2755; x_wconf 79' lang='lat' dir='ltr'><strong>nervis</strong></span> <span class='ocrx_word' id='word_1_181' title='bbox 2199 2713 2275 2755; x_wconf 89' lang='lat' dir='ltr'><strong>ea</strong></span> <span class='ocrx_word' id='word_1_182' title='bbox 2291 2692 2393 2756; x_wconf 83' lang='lat' dir='ltr'><strong>in-</strong></span> 
     </span>
     <span class='ocr_line' id='line_1_24' title="bbox 316 2787 2394 2879; baseline -0.003 -22"><span class='ocrx_word' id='word_1_183' title='bbox 316 2805 423 2857; x_wconf 87' lang='lat' dir='ltr'><strong>ter</strong></span> <span class='ocrx_word' id='word_1_184' title='bbox 437 2794 502 2854; x_wconf 90' lang='lat' dir='ltr'><strong>se</strong></span> <span class='ocrx_word' id='word_1_185' title='bbox 520 2787 1151 2874; x_wconf 81' lang='lat' dir='ltr'><strong>colligaffet,deinde</strong></span> <span class='ocrx_word' id='word_1_186' title='bbox 1168 2787 1477 2851; x_wconf 82' lang='lat' dir='ltr'><strong>carnibus</strong></span> <span class='ocrx_word' id='word_1_187' title='bbox 1493 2787 1719 2852; x_wconf 90' lang='lat' dir='ltr'><strong>omnia</strong></span> <span class='ocrx_word' id='word_1_188' title='bbox 1750 2791 1859 2855; x_wconf 86' lang='lat' dir='ltr'><strong>illa</strong></span> <span class='ocrx_word' id='word_1_189' title='bbox 1886 2791 2394 2879; x_wconf 84' lang='lat' dir='ltr'><strong>operuitsuper-</strong></span> 
     </span>
     <span class='ocr_line' id='line_1_25' title="bbox 317 2889 2393 2982; baseline -0 -23"><span class='ocrx_word' id='word_1_190' title='bbox 317 2913 910 2978; x_wconf 84' lang='lat' dir='ltr'><strong>ne.quaecumque</strong></span> <span class='ocrx_word' id='word_1_191' title='bbox 928 2912 1086 2955; x_wconf 89' lang='lat' dir='ltr'><strong>vero</strong></span> <span class='ocrx_word' id='word_1_192' title='bbox 1108 2893 1237 2967; x_wconf 80' lang='lat' dir='ltr'><strong>offa</strong></span> <span class='ocrx_word' id='word_1_193' title='bbox 1269 2889 1568 2955; x_wconf 85' lang='lat' dir='ltr'><strong>maxime</strong></span> <span class='ocrx_word' id='word_1_194' title='bbox 1584 2892 1875 2956; x_wconf 78' lang='lat' dir='ltr'><strong>animata</strong></span> <span class='ocrx_word' id='word_1_195' title='bbox 1906 2905 2118 2968; x_wconf 79' lang='lat' dir='ltr'><strong>erant,</strong></span> <span class='ocrx_word' id='word_1_196' title='bbox 2139 2898 2393 2982; x_wconf 80' lang='lat' dir='ltr'><strong>paucis-</strong></span> 
     </span>
     <span class='ocr_line' id='line_1_26' title="bbox 321 2991 2394 3082; baseline 0.001 -23"><span class='ocrx_word' id='word_1_197' title='bbox 321 2997 496 3060; x_wconf 83' lang='lat' dir='ltr'><strong>fimis</strong></span> <span class='ocrx_word' id='word_1_198' title='bbox 540 2995 850 3082; x_wconf 68' lang='lat' dir='ltr'><strong>consepsit</strong></span> <span class='ocrx_word' id='word_1_199' title='bbox 886 2991 1219 3071; x_wconf 81' lang='lat' dir='ltr'><strong>carnibus,</strong></span> <span class='ocrx_word' id='word_1_200' title='bbox 1249 3013 1420 3076; x_wconf 85' lang='lat' dir='ltr'><strong>quae</strong></span> <span class='ocrx_word' id='word_1_201' title='bbox 1443 3003 1668 3057; x_wconf 84' lang='lat' dir='ltr'><strong>autem</strong></span> <span class='ocrx_word' id='word_1_202' title='bbox 1700 2995 1996 3060; x_wconf 84' lang='lat' dir='ltr'><strong>maxime</strong></span> <span class='ocrx_word' id='word_1_203' title='bbox 2027 2994 2394 3062; x_wconf 85' lang='lat' dir='ltr'><strong>inanimata.</strong></span> 
     </span>
     <span class='ocr_line' id='line_1_27' title="bbox 317 3093 2392 3183; baseline -0.001 -19"><span class='ocrx_word' id='word_1_204' title='bbox 317 3097 844 3183; x_wconf 74' lang='lat' dir='ltr'><strong>intus,plurimis</strong></span> <span class='ocrx_word' id='word_1_205' title='bbox 864 3116 939 3157; x_wconf 87' lang='lat' dir='ltr'><strong>ac</strong></span> <span class='ocrx_word' id='word_1_206' title='bbox 965 3093 1356 3160; x_wconf 78' lang='lat' dir='ltr'><strong>densissimis,</strong></span> <span class='ocrx_word' id='word_1_207' title='bbox 1388 3106 1585 3176; x_wconf 83' lang='lat' dir='ltr'><strong>atque</strong></span> <span class='ocrx_word' id='word_1_208' title='bbox 1603 3096 1799 3159; x_wconf 86' lang='lat' dir='ltr'><strong>etiam</strong></span> <span class='ocrx_word' id='word_1_209' title='bbox 1826 3099 2263 3162; x_wconf 71' lang='lat' dir='ltr'><strong>commissuris</strong></span> <span class='ocrx_word' id='word_1_210' title='bbox 2295 3100 2392 3161; x_wconf 79' lang='lat' dir='ltr'><strong>os·</strong></span> 
     </span>
     <span class='ocr_line' id='line_1_28' title="bbox 245 3195 2393 3278; baseline 0.002 -17"><span class='ocrx_word' id='word_1_211' title='bbox 245 3258 252 3261; x_wconf 84' lang='grc'><strong><em>,</em></strong></span> <span class='ocrx_word' id='word_1_212' title='bbox 321 3201 512 3272; x_wconf 78' lang='lat' dir='ltr'><strong>sium,</strong></span> <span class='ocrx_word' id='word_1_213' title='bbox 532 3199 646 3262; x_wconf 77' lang='lat' dir='ltr'><strong>nisi</strong></span> <span class='ocrx_word' id='word_1_214' title='bbox 666 3197 779 3261; x_wconf 86' lang='lat' dir='ltr'><strong>ubi</strong></span> <span class='ocrx_word' id='word_1_215' title='bbox 806 3197 1238 3262; x_wconf 81' lang='lat' dir='ltr'><strong>necesfitatem</strong></span> <span class='ocrx_word' id='word_1_216' title='bbox 1261 3195 1556 3278; x_wconf 79' lang='lat' dir='ltr'><strong>aliquam</strong></span> <span class='ocrx_word' id='word_1_217' title='bbox 1578 3198 1746 3259; x_wconf 84' lang='lat' dir='ltr'><strong>ratio</strong></span> <span class='ocrx_word' id='word_1_218' title='bbox 1764 3199 2138 3264; x_wconf 85' lang='lat' dir='ltr'><strong>ostendebat</strong></span> <span class='ocrx_word' id='word_1_219' title='bbox 2151 3222 2393 3265; x_wconf 87' lang='lat' dir='ltr'><strong>earum</strong></span> 
     </span>
     <span class='ocr_line' id='line_1_29' title="bbox 321 3299 2393 3385; baseline -0.002 -18"><span class='ocrx_word' id='word_1_220' title='bbox 321 3300 868 3379; x_wconf 81' lang='lat' dir='ltr'><strong>adiiciendarum,</strong></span> <span class='ocrx_word' id='word_1_221' title='bbox 913 3321 1158 3385; x_wconf 76' lang='lat' dir='ltr'><strong>paucas</strong></span> <span class='ocrx_word' id='word_1_222' title='bbox 1186 3320 1417 3361; x_wconf 81' lang='lat' dir='ltr'><strong>carnes</strong></span> <span class='ocrx_word' id='word_1_223' title='bbox 1458 3299 1784 3383; x_wconf 84' lang='lat' dir='ltr'><strong>apposuit,</strong></span> <span class='ocrx_word' id='word_1_224' title='bbox 1828 3313 1901 3362; x_wconf 85' lang='lat' dir='ltr'><strong>ut</strong></span> <span class='ocrx_word' id='word_1_225' title='bbox 1934 3323 2151 3384; x_wconf 88' lang='lat' dir='ltr'><strong>neque</strong></span> <span class='ocrx_word' id='word_1_226' title='bbox 2177 3301 2393 3384; x_wconf 84' lang='lat' dir='ltr'><strong>impe-</strong></span> 
     </span>
     <span class='ocr_line' id='line_1_30' title="bbox 323 3398 2394 3488; baseline -0.002 -17"><span class='ocrx_word' id='word_1_227' title='bbox 323 3405 544 3471; x_wconf 90' lang='lat' dir='ltr'><strong>dirent</strong></span> <span class='ocrx_word' id='word_1_228' title='bbox 595 3403 918 3467; x_wconf 74' lang='lat' dir='ltr'><strong>flexiones</strong></span> <span class='ocrx_word' id='word_1_229' title='bbox 967 3400 1290 3482; x_wconf 83' lang='lat' dir='ltr'><strong>tardaque</strong></span> <span class='ocrx_word' id='word_1_230' title='bbox 1345 3398 1708 3464; x_wconf 82' lang='lat' dir='ltr'><strong>redderent</strong></span> <span class='ocrx_word' id='word_1_231' title='bbox 1761 3424 2042 3488; x_wconf 85' lang='lat' dir='ltr'><strong>corpora</strong></span> <span class='ocrx_word' id='word_1_232' title='bbox 2063 3448 2081 3476; x_wconf 89' lang='lat'><strong>‚</strong></span> <span class='ocrx_word' id='word_1_233' title='bbox 2138 3402 2394 3486; x_wconf 84' lang='lat' dir='ltr'><strong>quippe</strong></span> 
     </span>
     <span class='ocr_line' id='line_1_31' title="bbox 320 3503 2392 3596; baseline -0.005 -25"><span class='ocrx_word' id='word_1_234' title='bbox 320 3530 492 3596; x_wconf 87' lang='lat' dir='ltr'><strong>quae</strong></span> <span class='ocrx_word' id='word_1_235' title='bbox 526 3505 786 3569; x_wconf 78' lang='lat' dir='ltr'><strong>difficile</strong></span> <span class='ocrx_word' id='word_1_236' title='bbox 829 3503 960 3565; x_wconf 87' lang='lat' dir='ltr'><strong>sese</strong></span> <span class='ocrx_word' id='word_1_237' title='bbox 988 3514 1131 3565; x_wconf 84' lang='lat' dir='ltr'><strong>tum</strong></span> <span class='ocrx_word' id='word_1_238' title='bbox 1169 3511 1441 3565; x_wconf 86' lang='lat' dir='ltr'><strong>motura</strong></span> <span class='ocrx_word' id='word_1_239' title='bbox 1472 3505 1665 3565; x_wconf 71' lang='lat' dir='ltr'><strong>ess’ent</strong></span> <span class='ocrx_word' id='word_1_240' title='bbox 1687 3552 1704 3581; x_wconf 88' lang='lat'>‚</span> <span class='ocrx_word' id='word_1_241' title='bbox 1748 3527 1965 3590; x_wconf 81' lang='lat' dir='ltr'><strong>neque</strong></span> <span class='ocrx_word' id='word_1_242' title='bbox 1991 3503 2192 3566; x_wconf 85' lang='lat' dir='ltr'><strong>etiam</strong></span> <span class='ocrx_word' id='word_1_243' title='bbox 2220 3504 2392 3568; x_wconf 80' lang='lat' dir='ltr'><strong>mul..</strong></span> 
     </span>
     <span class='ocr_line' id='line_1_32' title="bbox 318 3605 2393 3693; baseline 0 -22"><span class='ocrx_word' id='word_1_244' title='bbox 318 3619 430 3672; x_wconf 85' lang='lat' dir='ltr'><strong>tae</strong></span> <span class='ocrx_word' id='word_1_245' title='bbox 465 3617 529 3669; x_wconf 86' lang='lat' dir='ltr'><strong>et</strong></span> <span class='ocrx_word' id='word_1_246' title='bbox 554 3605 790 3668; x_wconf 89' lang='lat' dir='ltr'><strong>densae</strong></span> <span class='ocrx_word' id='word_1_247' title='bbox 809 3607 1140 3689; x_wconf 85' lang='lat' dir='ltr'><strong>firmeque</strong></span> <span class='ocrx_word' id='word_1_248' title='bbox 1172 3605 1350 3667; x_wconf 81' lang='lat' dir='ltr'><strong>inter</strong></span> <span class='ocrx_word' id='word_1_249' title='bbox 1367 3606 1433 3664; x_wconf 84' lang='lat' dir='ltr'><strong>se</strong></span> <span class='ocrx_word' id='word_1_250' title='bbox 1461 3605 1879 3690; x_wconf 81' lang='lat' dir='ltr'><strong>constipatae,</strong></span> <span class='ocrx_word' id='word_1_251' title='bbox 1911 3606 2393 3693; x_wconf 80' lang='lat' dir='ltr'><strong>propterdnri-</strong></span> 
     </span>
     <span class='ocr_line' id='line_1_33' title="bbox 321 3705 2392 3796; baseline -0.002 -21"><span class='ocrx_word' id='word_1_252' title='bbox 321 3711 486 3775; x_wconf 87' lang='lat' dir='ltr'><strong>tiam</strong></span> <span class='ocrx_word' id='word_1_253' title='bbox 520 3708 849 3796; x_wconf 80' lang='lat' dir='ltr'><strong>stuporem</strong></span> <span class='ocrx_word' id='word_1_254' title='bbox 885 3707 1289 3778; x_wconf 70' lang='lat' dir='ltr'><strong>inficientes.</strong></span> <span class='ocrx_word' id='word_1_255' title='bbox 1334 3706 1732 3771; x_wconf 85' lang='lat' dir='ltr'><strong>memoriam</strong></span> <span class='ocrx_word' id='word_1_256' title='bbox 1771 3706 2144 3787; x_wconf 72' lang='lat' dir='ltr'><strong>mentisque</strong></span> <span class='ocrx_word' id='word_1_257' title='bbox 2164 3705 2392 3775; x_wconf 81' lang='lat' dir='ltr'><strong>aciem</strong></span> 
     </span>
     <span class='ocr_line' id='line_1_34' title="bbox 322 3808 2391 3900; baseline -0.001 -25"><span class='ocrx_word' id='word_1_258' title='bbox 322 3810 897 3900; x_wconf 83' lang='lat' dir='ltr'><strong>praestringerent.</strong></span> <span class='ocrx_word' id='word_1_259' title='bbox 965 3810 1279 3894; x_wconf 75' lang='lat' dir='ltr'><strong>quocirca</strong></span> <span class='ocrx_word' id='word_1_260' title='bbox 1323 3808 1586 3873; x_wconf 77' lang='lat' dir='ltr'><strong>femora</strong></span> <span class='ocrx_word' id='word_1_261' title='bbox 1621 3820 1683 3870; x_wconf 84' lang='lat' dir='ltr'><strong>et</strong></span> <span class='ocrx_word' id='word_1_262' title='bbox 1726 3808 1928 3882; x_wconf 75' lang='lat' dir='ltr'><strong>tibiae</strong></span> <span class='ocrx_word' id='word_1_263' title='bbox 1969 3821 2034 3871; x_wconf 83' lang='lat' dir='ltr'><strong>et</strong></span> <span class='ocrx_word' id='word_1_264' title='bbox 2061 3831 2391 3878; x_wconf 87' lang='lat' dir='ltr'><strong>coxarum</strong></span> 
     </span>
     <span class='ocr_line' id='line_1_35' title="bbox 321 3910 2393 3997; baseline 0 -19"><span class='ocrx_word' id='word_1_265' title='bbox 321 3924 566 3978; x_wconf 84' lang='lat' dir='ltr'><strong>natura</strong></span> <span class='ocrx_word' id='word_1_266' title='bbox 617 3923 678 3976; x_wconf 86' lang='lat' dir='ltr'><strong>et</strong></span> <span class='ocrx_word' id='word_1_267' title='bbox 728 3910 1158 3975; x_wconf 70' lang='lat' dir='ltr'><strong>brachiorum</strong></span> <span class='ocrx_word' id='word_1_268' title='bbox 1191 3911 1709 3992; x_wconf 82' lang='lat' dir='ltr'><strong>cubitorumque</strong></span> <span class='ocrx_word' id='word_1_269' title='bbox 1757 3913 1883 3973; x_wconf 83' lang='lat' dir='ltr'><strong>offa</strong></span> <span class='ocrx_word' id='word_1_270' title='bbox 1920 3923 1987 3973; x_wconf 90' lang='lat' dir='ltr'><strong>et</strong></span> <span class='ocrx_word' id='word_1_271' title='bbox 2019 3934 2393 3997; x_wconf 82' lang='lat' dir='ltr'><strong>quaecum-</strong></span> 
     </span>
     <span class='ocr_line' id='line_1_36' title="bbox 322 4011 2393 4100; baseline 0.001 -22"><span class='ocrx_word' id='word_1_272' title='bbox 322 4039 456 4100; x_wconf 86' lang='lat' dir='ltr'><strong>que</strong></span> <span class='ocrx_word' id='word_1_273' title='bbox 484 4014 615 4079; x_wconf 83' lang='lat' dir='ltr'><strong>alia</strong></span> <span class='ocrx_word' id='word_1_274' title='bbox 647 4015 714 4077; x_wconf 86' lang='lat' dir='ltr'><strong>in</strong></span> <span class='ocrx_word' id='word_1_275' title='bbox 745 4014 946 4086; x_wconf 61' lang='lat' dir='ltr'><strong>‚nobis</strong></span> <span class='ocrx_word' id='word_1_276' title='bbox 987 4012 1278 4076; x_wconf 78' lang='lat' dir='ltr'><strong>articulis</strong></span> <span class='ocrx_word' id='word_1_277' title='bbox 1326 4023 1558 4075; x_wconf 82' lang='lat' dir='ltr'><strong>carent</strong></span> <span class='ocrx_word' id='word_1_278' title='bbox 1596 4011 1953 4096; x_wconf 79' lang='lat' dir='ltr'><strong>omniaque</strong></span> <span class='ocrx_word' id='word_1_279' title='bbox 1993 4036 2165 4098; x_wconf 87' lang='lat' dir='ltr'><strong>quae</strong></span> <span class='ocrx_word' id='word_1_280' title='bbox 2211 4015 2393 4080; x_wconf 79' lang='lat' dir='ltr'><strong>imus</strong></span> 
     </span>
     <span class='ocr_line' id='line_1_37' title="bbox 321 4112 2393 4207; baseline -0.003 -21"><span class='ocrx_word' id='word_1_281' title='bbox 321 4124 453 4186; x_wconf 80' lang='lat' dir='ltr'><strong>offa</strong></span> <span class='ocrx_word' id='word_1_282' title='bbox 492 4132 775 4207; x_wconf 78' lang='lat' dir='ltr'><strong>propter</strong></span> <span class='ocrx_word' id='word_1_283' title='bbox 812 4116 1023 4182; x_wconf 87' lang='lat' dir='ltr'><strong>animi</strong></span> <span class='ocrx_word' id='word_1_284' title='bbox 1073 4116 1506 4201; x_wconf 79' lang='lat' dir='ltr'><strong>exiguitatem</strong></span> <span class='ocrx_word' id='word_1_285' title='bbox 1548 4112 1621 4179; x_wconf 88' lang='lat' dir='ltr'><strong>in</strong></span> <span class='ocrx_word' id='word_1_286' title='bbox 1663 4113 1960 4181; x_wconf 86' lang='lat' dir='ltr'><strong>medulla</strong></span> <span class='ocrx_word' id='word_1_287' title='bbox 2007 4120 2393 4189; x_wconf 69' lang='lat' dir='ltr'><strong>vacuarunt</strong></span> 
     </span>
    </p>
   </div>
  </div>
 </body>
</html>
