2738 4600
1119 312 1632 386 TIMAEUS
2289 311 2415 401 249

328 506 439 559 tro
466 486 725 579 repellit
750 508 877 575 per
912 484 1049 592 oris
1083 497 1151 550 et
1179 485 1451 551 narium
1488 485 1873 553 transitum.
1961 485 2187 573 Atque
2214 447 2417 553 causa

328 590 643 685 principii
683 612 919 656 eorum
965 564 1277 676 ponenda
1315 592 1405 653 est
1450 588 1632 655 haec.
1711 614 1914 656 omne
1961 592 2217 657 animal
2250 591 2417 655 uni-

334 698 495 761 versi
525 696 703 761 circa
730 692 1117 776 sanguinem
1148 703 1217 756 et
1248 713 1454 757 venas
1483 695 1775 758 calorem
1808 692 2027 766 habet,
2047 698 2227 779 quafi
2261 693 2415 759 fons

239 847 244 852 -
331 799 607 888 quidam
638 795 860 881 ignis
837 818 911 859 1n
947 798 1163 875 eo·s1t;
1205 796 1393 879 quod
1425 795 1697 881 quidem
1750 795 1952 861 etiam
1988 795 2415 884 comparavi·-

330 926 488 970 mus
525 924 680 966 cum
731 902 910 963 naffa
957 908 1182 971 texta,
1230 897 1523 962 dicentes
1554 908 1766 962 totum
1799 919 1926 986 per
1962 901 2417 966 mediumnex—

331 1006 594 1071 tensum
645 1025 725 1066 ex
765 1001 920 1085 igne
974 1011 1361 1064 contextum
1407 1004 1563 1072 effe,
1624 1001 1880 1089 reliqua
1941 1002 2277 1067 exteriora
2321 1024 2412 1070 ,ex

335 1109 511 1173 aet-e.
596 1103 889 1170 calidum
942 1103 1153 1188 igitur
1204 1115 1487 1167 naturae
1537 1103 2131 1171 convenienter'in
2184 1106 2415 1169 locu-m

333 1216 529 1278 suum
559 1208 667 1273 fol
670 1230 738 1272 as
768 1206 850 1269 ad
878 1216 1237 1291 cognatum
1279 1204 1736 1271 confitendum
1767 1208 1904 1272 est
1884 1230 2006 1272 1re.
2067 1206 2202 1272 duo
2234 1207 2418 1272 enim

333 1336 547 1402 quum
578 1310 797 1375 exitus
823 1310 985 1382 fiat,
1031 1327 1426 1394 percorpus
1469 1304 1650 1370 foras
1692 1332 1910 1389 unus,
1956 1311 2138 1376 alter
2175 1332 2302 1398 per
2345 1329 2418 1373 os

335 1430 402 1482 et
442 1438 675 1486 nares,
739 1409 1015 1494 quando
1061 1407 1142 1471 ad
1201 1407 1487 1472 alterum
1531 1410 1779 1490 tendit,
1840 1412 2173 1478 alte-tum
2168 1412 2419 1501 repel-

337 1521 456 1598 lit3
501 1514 850 1603 repulsum
889 1533 1057 1573 vero
1097 1511 1165 1573 in
1199 1508 1422 1594 ignem
1459 1508 1764 1575 incidens
1802 1510 2176 1594 incaiescit,
2225 1538 2420 1580 ema-

335 1644 505 1686 nans
586 1639 757 1680 vero
816 1612 1297 1697 refrigeratur.·
1382 1614 1567 1677 calor
1640 1636 1806 1678 vero
1864 1615 2029 1679 dum
2108 1628 2420 1682 mutatur

338 1736 405 1787 et
459 1741 634 1805 quae
701 1717 881 1782 circa
941 1708 1228 1782 alterum
1276 1715 1635 1779 transitum
1681 1718 1838 1781 sunt
1877 1716 2207 1783 calidiora
2244 1718 2423 1786 fiunt

338 1824 584 1890 rtursus
598 1821 757 1885 illuc
797 1841 1079 1905 vergens
1108 1817 1175 1883 id
1195 1818 1390 1904 quod
1429 1818 1703 1883 calidius
1732 1821 1856 1900 est,
1901 1819 2152 1907 quippe
2187 1818 2269 1883 ad
2295 1840 2424 1885 na-

336 1938 562 1991 turam
600 1924 788 1987 suam
825 1921 1143 2000 tende-m,
1170 1925 1439 2012 repellit
1464 1924 1532 1988 id
1564 1901 1742 2007 quoii
1775 1922 1949 1987 circa
1973 1923 2263 1987 alterum
2297 1924 2426 1999 est·

338 2029 472 2094 hoc
499 2036 767 2101 autem,
813 2024 988 2108 quod
1021 2023 1257 2090 eadem
1292 2025 1548 2112 patitur
1576 2026 1948 2113 eademque
1977 2028 2241 2114 semper
2272 2022 2427 2088 red-
2471 2077 2474 2086 .

340 2132 441 2196 dit
496 2140 562 2192 et
607 2129 691 2192 ab
736 2126 1054 2209 utrisque
1094 2119 1207 2192 hic
1253 2139 1319 2199 et
1351 2127 1491 2194 illic
1530 2127 1622 2192 ita
1654 2127 1939 2193 afficitur
1968 2140 2040 2196 ut
2068 2130 2150 2193 in
2183 2126 2426 2194 orbem.

342 2234 676 2322 agitetur,
721 2228 922 2295 efficit
949 2242 1030 2293 ut
1061 2229 1414 2319 respiratio
1444 2242 1515 2296 et
1540 2230 1901 2318 exspiratio
1923 2231 2251 2296 exsistant.
2350 2302 2354 2306 ,

511 2438 731 2521 Atque
755 2436 961 2500 etiam
1000 2435 1237 2500 causae
1269 2458 1505 2501 eorum
1538 2457 1716 2521 quae
1753 2419 2118 2500 cucurbitis
2147 2430 2426 2497 medicis

336 2540 651 2606 'accidunt
696 2552 761 2601 et
794 2559 1033 2601 eorum
1069 2539 1341 2619 quaein
1372 2537 1762 2603 devorando
1795 2536 2011 2627 iisque
2037 2535 2214 2603 fiunt
2253 2557 2428 2621 quae

342 2642 707 2717 iaciuntur,
756 2641 891 2702 five
921 2638 991 2701 in
1027 2637 1309 2702 sublime
1337 2639 1746 2705 emittuntur
1779 2640 1909 2723 five
1934 2639 2005 2704 in
2028 2652 2281 2704 terram
2320 2636 2431 2701 fe·-.·

343 2758 629 2824 runtur,
674 2741 802 2806 hac
848 2740 1112 2804 ratione
1154 2739 1645 2827 investigandae
1677 2743 1854 2822 sunt,
1900 2752 1970 2805 e't
2010 2740 2430 2828 quicumque

342 2847 488 2912 soni
523 2847 772 2910 celeres
802 2855 868 2907 et
895 2842 1102 2921 tardi,
1149 2842 1327 2907 acuti
1349 2856 1428 2927 ¹et
1454 2863 1686 2926 graves
1715 2830 2178 2931 reperiuntur,
2227 2841 2428 2914 modo

342 2947 728 3017 inconcinni
761 2958 1042 3034 propter
1069 2943 1662 3011 dissimilitudinem
1687 2945 2004 3012 motionis
2029 2947 2100 3011 in
2123 2945 2313 3009 nobis
2343 2943 2430 3010 ‚ab

292 3090 295 3092 v
342 3054 419 3119 iis
458 3052 815 3128 excitatae,
881 3049 1076 3113 modo
1115 3046 1545 3113 concinentes
1588 3062 1876 3139 propter
1909 3046 2432 3114 fimilitudinem.

342 3154 652 3240 priorum
701 3142 883 3215 enirn
934 3164 997 3215 et
1036 3149 1441 3216 cele-riorum
1475 3152 1796 3216 sonorum
1826 3163 2051 3216 motus
2079 3150 2217 3214 iam
2250 3145 2435 3218 defi-e

343 3268 583 3322 nentes
606 3265 671 3318 et
699 3254 778 3316 ad
796 3253 1001 3318 simile
1031 3255 1396 3340 progressos
1421 3250 1744 3317 tardiores
1760 3240 1932 3333 soni,
1951 3251 2068 3337 qui
2084 3247 2295 3337 serius
2315 3244 2436 3330 ipfi

347 3360 432 3424 ad
500 3367 728 3421 motus
790 3353 1318 3440 progrediuntur
1377 3366 1443 3418 et
1491 3355 1787 3420 excitant
1832 3354 2020 3432 illos,
2081 3353 2437 3434 occupant,

349 3468 755 3543 occupantes
783 3478 949 3520 vero
992 3478 1129 3519 non
1167 3456 1294 3532 alia
1327 3455 1573 3523 iniecta
1608 3456 1910 3525 motione
1959 3450 2276 3530 turbant,
2324 3442 2439 3513 sed

347 3562 766 3650 principium
791 3556 1104 3652 tardioris
1130 3557 1504 3644 agitationis
1532 3559 1898 3627 secundum
1921 3552 2254 3619 celerioris
2284 3548 2444 3635 qui-

352 3665 544 3743 dem,
588 3662 698 3724 sed
735 3660 1089 3724 desinentis
1125 3660 1624 3727 similitudinem
1652 3661 2095 3745 adiungentes
2121 3673 2330 3729 unam·
2359 3669 2446 3713 ex

352 3778 550 3832 acuto
588 3779 652 3827 et
695 3763 883 3847 gravi
937 3774 1322 3849 temperant
1367 3763 1838 3841 affectionem3
1903 3758 2082 3833 unde
2127 3755 2449 3841 volupta-

360 3854 508 3935 tem*
545 3864 1041 3956 infipientibus,
1088 3864 1605 3938 delectationem
1624 3852 1798 3935 *vero
1845 3856 2246 3950 sapientibus
2281 3877 2452 3951 pro-
