2738 4600
1129 327 1581 410 POLIT‘I‘A
1627 330 1768 411 lx,
2414 354 2497 412 at

413 507 661 603 quippe
703 508 818 600 qui
842 500 998 604 'ipse'
1048 515 1230 581 folus
1287 511 1616 603 imperet,
1677 506 1837 578 eum
1883 509 2002 601 qui
2048 503 2500 604 i'pso‘tenetur

306 617 314 623 ’
410 629 759 703 tamquam
789 618 1131 684 civitatem
1173 619 1247 682 in
1275 617 2272 698 omnem-inducet‘audaeiam,
2317 622 2503 685 unde

407 722 573 786 etse
604 722 832 808 ipsum
877 733 947 787 et
975 720 1248 787 turbam
1279 721 1648 786 satellitum
1689 721 1965 785 suorum
2002 719 2294 801 nutriet,
2355 734 2501 790 tam

406 824 826 889 extrinsecus
869 825 1227 909 ingreffam
1278 847 1316 887 e
1348 824 1536 938 Lmala
1586 820 2105 903 consuetudine,
2149 844 2352 907 quam
2384 824 2504 890 in-

405 927 739 992 trinsecus
777 927 863 992 ab
901 926 1157 997 eisdem
1190 927 1506 992 moribus·
1537 938 1605 992 et
1633 925 1717 991 ab
1759 924 1901 1013 ipso
1932 924 2266 991 remissam
2297 939 2502 1012 atque

392 1026 804 1110 'liberatam3
861 1054 949 1097 an
978 1053 1122 1097 non
1157 1033 1321 1096 haee
1351 1032 1443 1095 est
1483 1027 1875 1097 huiusmodi
1920 1025 2058 1093 viri
2088 1027 2271 1094 vita?
2317 1023 2531 1100 Haeo*

407 1132 569 1197 sane
585 1181 612 1212 ,
659 1133 907 1219 inquit.
995 1134 1140 1199 Iam
1170 1134 1214 1198 fi
1256 1134 1576 1222 exiguus,
1621 1132 1926 1218 inquam,
1961 1151 2215 1196 eorum
2249 1154 2501 1199 nume..

407 1256 527 1300 rus
554 1232 631 1298 in
668 1234 936 1301 civitate
982 1246 1055 1301 et
1105 1236 1373 1322 reliqua
1413 1234 1779 1302 multitudo
1804 1234 2140 1301 rationem
2169 1236 2501 1320 sequitur,

346 1394 365 1403 ,,
410 1337 815 1421 emigrantes
847 1338 964 1404 alii
993 1339 1061 1403 se
1097 1337 1414 1406 satellites
1444 1340 1822 1426 adiungunt
1846 1347 2138 1426 tyranno
2173 1339 2285 1404 vel
2320 1362 2499 1406 mer·

408 1438 575 1506 cede
601 1440 1039 1517 auxiliantur,
1068 1440 1270 1508 ficubi
1296 1441 1549 1510 bellum
1577 1443 1836 1530 geritur
1844 1465 1871 1522 ς
1912 1442 2004 1507 fin
2024 1462 2199 1519 ,vero
2234 1440 2308 1508 in
2334 1463 2502 1532 paee

407 1555 475 1609 et
501 1543 865 1631 tranquillo
888 1547 1062 1619 sunt,
1084 1544 1222 1633 ipsa
1247 1546 1318 1612 in
1350 1546 1523 1611 urbe
1552 1543 1853 1613 facinora
1881 1544 2316 1611 committunt
2343 1542 2503 1611 exi-

408 1665 545 1737 gua
570 1648 800 1714 multa.
892 1646 1140 1736 Qualia
1172 1648 1446 1715 tandem
1482 1649 1691 1716 dicis?
1738 1640 1942 1716 Velut
1972 1644 2330 1728 furantur,
2372 1671 2502 1735 pa»

408 1750 612 1821 rietes
652 1750 1089 1841 perfodiunt,
1132 1772 1498 1817 crumenas
1536 1752 1882 1827 desecant,
1940 1742 2262 1836 spoliant,
2317 1752 2503 1817 saera

409 1853 752 1935 auferunt,
800 1854 873 1919 in
900 1854 1301 1918 servitutem
1335 1852 1717 1928 abducunt,
1759 1871 2281 1936 nonnumquam
2313 1852 2505 1915 calu-

406 1955 714 2037 niantur,
755 1960 803 2022 fi
837 1956 1123 2022 dicendo
1152 1957 1406 2035 valent,
1437 1953 1601 2018 falsa
1623 1950 2002 2016 testimonia
2029 1949 2260 2017 dicunt
2282 1955 2505 2019 enar-
2593 1984 2601 1991 ·

412 2056 742 2142 gitionem
792 2058 1157 2147 accipiunt.
1239 2054 1508 2142 Exigua
1539 2044 1852 2141 quidem,
1897 2053 2152 2138 inquit,
2195 2053 2502 2127 facinora

413 2157 614 2239 dicis,
665 2158 709 2225 fi
736 2161 934 2248 pauci
976 2161 1128 2226 sunt
1163 2161 1346 2227 tales.
1432 2158 1695 2245 Exigua
1725 2179 1925 2251 vero,
1973 2157 2293 2243 inquam,
2335 2182 2499 2227 cum

409 2258 670 2350 magnis
712 2263 950 2331 coliata
994 2264 1235 2352 exigua
1273 2257 1462 2339 sunt,
1521 2248 1590 2330 et
1631 2254 1798 2329 haee
1840 2248 2116 2350 quidem
2145 2260 2407 2347 omnia,
2450 2265 2500 2330 fi

407 2365 815 2454 pravitatem
843 2390 923 2436 ae
951 2361 1297 2434 miseriam]
1317 2368 1593 2455 spectas,
1636 2388 1726 2432 ne
1753 2366 2085 2434 accedunt
2109 2365 2384 2451 quidem
2412 2367 2504 2434 ad.

409 2480 800 2558 tyrannum.
859 2472 1125 2558 quando
1157 2468 1338 2536 enim
1381 2467 1588 2544 multi
1617 2468 1691 2534 in
1724 2465 1997 2556 eivitate
2044 2467 2351 2533 exfistunt
2386 2481 2501 2534 ta-

409 2573 508 2639 les
532 2575 779 2661 aliique
796 2574 922 2637 h'os
947 2573 1292 2660 sequentes
1319 2572 1652 2657 suamque
1680 2569 2244 2637 animadvertunt
2269 2570 2502 2636 multi-

408 2675 748 2751 tudinem,
793 2687 934 2740 tum
962 2669 1038 2740 fii
1064 2676 1219 2742 sunt
1259 2667 1379 2762 qui
1406 2684 1778 2762 tyrannum
1812 2674 2098 2760 gignunt
2109 2674 2345 2761 populi
2375 2674 2502 2739 de-'ss

409 2777 669 2842 mentia
708 2776 1173 2848 adiuvante,et
1203 2797 1360 2840 eum
1378 2775 1646 2860 quidem
1667 2798 1750 2840 ex
1763 2776 2043 2842 suorum
2069 2797 2364 2843 numero
2381 2777 2501 2865 qui

410 2878 481 2945 in
529 2880 597 2945 se
634 2881 773 2969 ipse
820 2876 1206 2944 maximum
1251 2890 1320 2943 et
1375 2879 1719 2944 summum
1760 2878 1834 2943 in
1860 2878 2091 2943 animo
2123 2890 2500 2966 tyrannum

410 2979 632 3046 habet.
723 2981 1266 3047 Consentaneum
1301 3002 1488 3054 vero,
1532 2979 1795 3067 inquit3
1832 2978 2132 3046 maxime
2160 2982 2341 3048 enim
2371 2982 2503 3049 erit

410 3081 820 3170 tyrannicus·
903 3083 1144 3149 Nonne
1171 3104 1378 3157 vero,
1424 3084 1471 3147 fi
1520 3083 1822 3150 volentes
1855 3104 1994 3148 non
2028 3083 2341 3151 obediant
2375 3107 2502 3154 neo

413 3183 647 3250 civitas
680 3184 754 3249 ,ei
793 3184 1206 3272 permiserit,
1267 3185 1837 3271 quemadmodum
1892 3195 2056 3250 tune
2090 3202 2383 3255 matrem
2433 3197 2503 3251 et

411 3298 679 3378 patrem
710 3288 1092 3373 castigabat,
1134 3289 1220 3353 fio
1244 3286 1454 3354 etiam
1485 3287 1815 3377 patriam,
1866 3288 1912 3353 fi
1937 3290 2265 3376 potuerit,
2311 3291 2501 3367 casti-

416 3388 595 3474 gabit
635 3386 851 3456 novos
881 3390 1321 3456 introducens
1346 3389 1624 3472 sodales,
1671 3404 1738 3457 et
1777 3391 1882 3457 his
1909 3391 2303 3457 servientem
2334 3388 2502 3456 olim

416 3491 533 3556 fibi
557 3514 779 3559 earam
798 3494 1136 3571 matriam,
1153 3492 1590 3560 utCretenses
1611 3492 1863 3568 dieunt,
1885 3506 1954 3559 et
1979 3492 2273 3581 patriam
2289 3489 2503 3559 habe-

416 3592 522 3660 bit
549 3606 750 3679 atque
772 3594 1076 3662 nutriet?
1117 3605 1184 3660 et
1208 3594 1318 3661 hio
1345 3596 1621 3683 quidem
1647 3594 1802 3661 finis
1835 3593 1967 3662 erit
1982 3591 2362 3681 cupiditatis
2378 3591 2503 3660 hu-

410 3695 714 3764 iusmodi
750 3697 905 3765 viri.
990 3698 1145 3777 Hie,
1188 3697 1437 3798 inquit,
1486 3699 1640 3765 sane
1665 3697 1813 3769 erit.

587 3865 835 3972 Nonne
867 3924 1071 3986 vero,
1112 3875 1387 3992 inquam
1403 3950 1425 3986 ,
1465 3861 1544 3972 hi·
1564 3904 1727 3971 tales
1753 3901 2064 3969 exsistunt
2091 3861 2411 3992 privatim
2440 3857 2508 3967 et
2615 3963 2619 3968 .

418 4017 788 4095 autequam
812 4006 1198 4099 imperant?
1236 4006 1549 4095 primum
1564 4004 1857 4096 quidem
1882 4003 2066 4077 inter
2083 4005 2204 4074 'eos
2228 4005 2509 4074 versane
