2738 4600
1181 310 1641 379 CR1T1AS.
2301 318 2424 387 505

348 484 499 551 cibo
543 479 803 548 utimur
844 482 1187 570 (vocamus
1224 494 1447 549 autem
1491 508 1727 552 omnes
1768 486 1910 553 eius
1963 501 2186 576 partes
2208 490 2425 578 legu-

348 586 569 664 mina)
599 599 667 650 et
696 608 852 650 eum
891 586 1009 670 qui
1053 585 1315 673 ligneus
1345 586 1471 668 est,
1515 589 1971 677 potulenta⁴et
1997 594 2325 660 esculenta
2357 606 2426 659 et
2486 645 2491 648 -

348 699 700 774 unguenta
732 687 997 761 ferens.
1040 710 1245 775 porro
1275 689 1393 774 qui
1436 689 1579 754 ludi
1623 703 1691 755 et
1735 692 2192 762 oblectationis
2230 699 2426 763 causa.

349 792 602 859 exstitit
636 790 956 856 arborum
994 788 1252 856 fructus
1283 793 1629 858 asservatu
1658 792 1974 876 difficilis,
2020 811 2086 861 et
2113 821 2286 886 quae
2315 801 2427 865 sa·-

346 895 600 962 tietatis
641 893 981 959 levamina
1012 891 1285 959 bellaria
1315 895 1658 981 languenti
1691 910 1962 986 accepta
1994 902 2421 988 apponimusf

347 998 577 1067 omnia
609 998 778 1062 haec
794 995 1010 1060 insula
1033 1015 1205 1080 quae
1231 1007 1378 1060 tum
1398 997 1520 1061 sub
1537 997 1829 1065 soleerat
1843 1003 2025 1067 sacra
2040 1005 2327 1089 pulchra
2357 1017 2426 1070 et

348 1100 770 1169 admirabilia
808 1110 872 1163 et
899 1098 983 1163 ad
1014 1119 1376 1178 numerum
1401 1099 1666 1166 infinita
1696 1101 2106 1188 proferebat.
2169 1122 2239 1171 et
2261 1108 2451 1174 haec·

350 1206 622 1291 quidem
659 1201 1057 1289 accipientes
1084 1199 1315 1267 omnia
1352 1224 1394 1264 a
1427 1211 1608 1268 terra
1638 1205 2106 1273 exstruxerunt
2147 1212 2422 1298 templa,

346 1308 567 1397 regias
596 1301 1076 1383 habitationes,
1122 1312 1399 1390 portus,'
1442 1304 1702 1370 navalia
1731 1307 2264 1399 ‘universamque
2304 1336 2424 1378 re-

316 1412 604 1501 .liquam
643 1421 897 1473 terram
916 1450 937 1483 ‚
977 1404 1110 1470 hoc
1139 1404 1376 1469 ordine
1406 1406 1633 1471 omnia
1662 1409 2148 1481 constituentes.
2404 1483 2409 1486 k

363 1499 367 1503 Δ
497 1510 723 1579 ‘Maris
757 1502 989 1587 orbes,
1031 1504 1151 1591 qui
1178 1506 1516 1593 pristinam
1563 1510 1800 1577 urbem
1842 1514 2235 1600 primariam
2286 1521 2424 1585 cir'-

350 1615 798 1693 cumdabant,
855 1610 1159 1698 primum
1200 1623 1410 1698 ponte
1447 1610 1852 1691 iunxerunt,
1896 1616 2079 1683 viam
2129 1631 2316 1687 extra
2354 1637 2425 1690 et

346 1720 432 1785 ad
516 1717 767 1804 regiam
829 1712 1214 1779 munientes
1246 1737 1271 1793 3
1358 1726 1429 1778 et
1497 1714 1748 1800 regiam
1806 1716 1882 1782 in
1968 1719 2094 1787 hoc
2165 1724 2275 1788 dei
2354 1740 2424 1792 et

367 1822 703 1889 maiorum
767 1815 1105 1885 domicilio
1173 1814 1367 1880 initio
1445 1818 1907 1885 exstruxerant
1957 1824 2206 1905 statim,
2253 1829 2423 1894 alter

344 1948 514 1992 vero
547 1925 630 1988 ab
663 1921 875 1987 altere
906 1918 1235 2005 accipiens
1273 1932 1510 1984 ornata
1545 1920 1849 1987 ornando
1891 1924 2247 2012 superabat
2293 1954 2419 2017 pro
2466 1996 2475 2010 ‚

344 2027 604 2095 viribus
641 2022 955 2113 proxime
1005 2043 1345 2106 quemque
1392 2023 1938 2107 antecedentem,
2001 2028 2214 2094 donec
2261 2055 2427 2119 pro..

344 2143 498 2220 pter
543 2125 1074 2212 magnitudinem
1133 2135 1199 2189 et
1261 2124 1869 2214 pulchritudinem·
1914 2152 2200 2219 operum
2295 2134 2463 2213 a'd-v·

291 2243 298 2252 “
342 2231 658 2300 mirabile
726 2227 869 2293 visu
924 2225 1292 2294 effecerunt
1374 2227 1779 2297 aedificium.
1920 2232 2152 2300 foffam
2235 2238 2422 2303 enim

223 2374 228 2381 .
342 2337 475 2405 tria
543 2337 776 2435 iugera
843 2333 1048 2399 latam
1079 2378 1100 2408 ‚
1202 2342 1477 2395 centum
1539 2332 1742 2421 pedes
1799 2335 2006 2401 altam
2066 2349 2144 2435 ‘et
2219 2341 2423 2425 quin-

343 2442 659 2527 quaginta
737 2436 941 2503 stadia
1001 2436 1271 2519 longam
1331 2455 1374 2499 a
1429 2432 1608 2497 mari
1663 2435 1747 2499 ad
1791 2436 2124 2501 extimum
2183 2441 2421 2508 orbem

342 2539 703 2617 foderuut,
760 2533 840 2601 'et
888 2537 1228 2604 recursum
1272 2558 1311 2598 e
1353 2532 1532 2601 mari
1572 2536 1656 2601 ad
1709 2537 1892 2602 hunc
1920 2552 2298 2624 «tamquam
2348 2545 2424 2610 in

347 2653 621 2731 portum
650 2639 991 2718 fecerunt,
1036 2660 1110 2702 os
1147 2638 1534 2703 diducentes
1568 2649 1650 2703 ut
1690 2638 2029 2706 maximae
2072 2666 2285 2710 naves
2311 2645 2424 2712 in-

342 2741 506 2810 vehi
541 2746 815 2830 possent.
862 2752 1066 2825 atque
1122 2743 1326 2806 etiam
1369 2753 1589 2805 terrae
1618 2739 1855 2823 orbes,
1898 2742 2013 2827 qui
2052 2748 2263 2812 maris
2303 2774 2424 2829 or-‚

340 2845 462 2912 bes
485 2841 1044 2932 iuter-sepiebant,
1088 2843 1409 2929 pontibus
1436 2842 1812 2911 diviserunt
1841 2843 1934 2909 ita
1976 2858 2053 2912 ut
2089 2871 2225 2916 una
2270 2865 2423 2920 tan-

340 2962 490 3014 tum
514 2945 809 3011 triremis
850 2945 934 3011 ab
966 2967 1106 3010 uno
1139 2946 1221 3013 ad
1266 2936 1549 3015 alterum
1595 2945 1882 3033 pervehi
1913 2953 2159 3036 posset,
2204 2967 2274 3023 et
2306 2957 2422 3024 in..

341 3061 653 3116 texerunt
711 3050 1032 3137 superne,
1095 3059 1171 3113 ut
1222 3047 1454 3114 subtus
1508 3045 1707 3115 fieret
1758 3051 2140 3137 navigati03
2199 3070 2423 3124 terrae

263 3206 268 3209 .
342 3153 525 3219 enim
556 3142 828 3218 orbium
849 3152 1039 3218 labra
1072 3151 1505 3218 altitudinem
1541 3151 1688 3217 satis
1736 3175 2054 3239 magnam
2084 3156 2422 3226 habebant

339 3266 419 3322 ut
446 3257 651 3344 supra
679 3277 870 3319 mare
903 3254 1299 3319 eminerent.
1347 3263 1493 3317 erat
1522 3264 1749 3318 autem
1785 3253 2119 3321 maximus
2140 3259 2417 3326 orbium

339 3356 492 3423 isin
514 3378 714 3442 quem
748 3377 938 3420 mare
969 3354 1392 3442 perforatum
1424 3367 1608 3438 erat,
1640 3356 1768 3422 tria
1795 3358 1994 3423 stadia
2024 3357 2231 3438 latus,
2261 3384 2415 3449 pro-

295 3528 300 3533 ,
339 3456 568 3525 ximus
615 3468 833 3522 terrae
863 3456 1157 3542 aequalis
1187 3455 1324 3538 illi3
1374 3456 1666 3523 duorum
1707 3460 2124 3544 sequentium
2163 3461 2445 3539 fluidus¹

341 3561 479 3627 duo
506 3558 706 3624 stadia
741 3560 950 3640 latus,
992 3561 1193 3625 ficcus
1221 3581 1385 3624 vero
1410 3558 1704 3646 aequalis
1729 3562 1960 3625 rursus
1989 3560 2204 3628 fluido
2229 3566 2419 3650 prio-

323 3662 441 3739 ri,
490 3673 558 3727 et
583 3661 863 3728 stadium
893 3661 949 3727 is
981 3662 1150 3728 latus
1182 3673 1329 3728 erat
1354 3661 1472 3747 qui
1495 3662 1704 3750 ipsam
1731 3664 1804 3727 in
1838 3662 2061 3729 medio
2085 3666 2269 3733 fitam
2303 3668 2425 3734 in-

339 3766 554 3832 sulam
584 3764 898 3832 ambibat.
945 3765 1158 3833 insula
1179 3787 1371 3846 veru,
1403 3764 1641 3849 inqua
1676 3765 1858 3849 regia
1887 3776 2067 3838 erat,
2109 3768 2445 3859 quinque„

340 3867 705 3936 stadiorum
731 3862 977 3937 lineain
1024 3868 1311 3935 mediam
1349 3867 1661 3937 habebat.
1715 3868 1891 3939 hanc
1931 3867 2138 3956 igitur
2168 3882 2251 3938 ‘et
2294 3896 2416 3945 01·-
2462 3876 2471 3884 ’
