2738 4600
1063 309 1614 385 TlMAEUs.»
2231 316 2399 406 ¹67·
2501 354 2510 359 -

275 485 665 578 praebebat,
694 484 889 550 etiam
920 482 1201 553 maiores
1230 495 1464 579 tamen
1484 485 1715 552 turbas
1730 484 2107 554 efficiebant
2128 498 2360 555 motus

166 604 177 615 “
279 591 484 656 rebus
527 591 599 655 in
647 610 984 684 quemque
1021 585 1469 653 incidentibus
1507 588 1733 669 allati,
1795 591 2354 678 quotiescumque

279 693 553 759 alicuius
581 696 824 777 corpus
852 690 925 755 in
958 690 1183 777 ignem
1222 689 1596 756 incurreret
1623 690 1920 757 alienum
1946 696 2356 761 extrinsecus

277 796 361 861 ad
391 819 551 861 eum
583 792 922 859 offendens
950 794 1055 859 vel
1091 793 1294 860 etiam
1327 794 1411 859 ad
1440 805 1693 860 terram
1709 793 1994 913 rigidam
2022 795 2358 863 lubricos-

275 920 411 983 que
453 918 778 983 aquarum
815 897 1066 983 lapsus,
1124 897 1234 962 vel
1272 899 1316 962 fi
1343 908 1705 963 ventorum
1730 898 1815 962 ab
1851 898 2011 964 ae're
2041 920 2358 965 commo-

274 1013 513 1068 torum
559 999 894 1086 tempestas
928 998 1001 1063 id
1051 1000 1622 1089 deprehenderet,
1680 1011 1748 1066 et
1788 999 1875 1066 ab
1908 1001 2012 1066 his
2043 1000 2353 1067 omnibus

274 1105 610 1171 motiones
658 1124 776 1190 per
832 1124 1080 1191 corpus
1133 1102 1216 1168 ad
1271 1103 1575 1169 animum
1634 1102 1894 1169 delatae
1935 1103 2357 1191 ingruerent,

277 1204 396 1292 qui
427 1204 691 1290 quidem
727 1206 929 1272 etiam
961 1219 1126 1272 tunc
1154 1199 1407 1273 iccirco
1431 1205 1761 1272 nominati
1775 1207 2011 1271 suntet
2034 1207 2216 1273 nunc
2229 1204 2358 1273 ad-

270 1306 409 1373 huc
448 1308 892 1375 nominantur
919 1308 1239 1381 sensus‘in
1266 1308 1672 1375 universum.
1719 1320 1923 1392 atque
1950 1306 2153 1374 etiam
2190 1319 2355 1373 tunc

271 1408 649 1496 plurimum
695 1412 770 1475 in
798 1432 1119 1497 praesens
1155 1422 1223 1477 et
1250 1411 1628 1478 maximum
1656 1422 1921 1480 motum
1959 1409 2352 1492 excitantia,

274 1529 430 1576 cum
468 1511 618 1576 rivo
665 1513 1089 1579 continenter
1123 1512 1379 1579 fluente
1423 1511 1764 1580 moventia
1796 1524 1865 1577 et
1908 1513 2353 1580 vehementer

206 1662 211 1667 ⁴
270 1613 731 1680 concutientis
766 1613 975 1678 animi
1022 1616 1343 1681 circuitus
1352 1666 1379 1698 ,
1441 1615 1743 1683 eiusdem
1785 1615 2058 1700 quidem
2104 1615 2354 1682 circui-

270 1729 429 1782 tum
475 1718 742 1805 prorsus
785 1716 1557 1803 impediverunt—contra
1582 1739 1742 1782 eum
1768 1716 2090 1796 fluentia,
2137 1730 2209 1784 et
2231 1741 2355 1784 co·-

267 1819 648 1885 hibuerunt
687 1833 1032 1905 regentem
1079 1844 1156 1886 ac
1184 1821 1769 1910 progredientem,
1812 1818 2084 1884 alterius
2124 1831 2355 1886 autem

273 1922 640 1987 circuitum
669 1922 764 1988 ita
791 1924 1283 2002 concufferunt,
1317 1922 1600 2007 utdupli
1626 1934 1691 1986 et
1716 1921 1907 2008 tripli
1938 1921 2067 1988 tria
2098 1923 2356 1989 utrius·-

273 2044 414 2108 que
459 2026 819 2091 intervalla
849 2038 918 2091 et
943 2025 1566 2113 sesquialterorum‚
1612 2022 2181 2109 sesquitertiorum
2216 2026 2357 2089 ses-

273 2125 929 2213 quioctavorumque
968 2127 1188 2193 media
1226 2138 1292 2192 et
1321 2125 1827 2214 colligationes,
1871 2148 2043 2214 quae
2081 2125 2353 2192 dissolvi

270 2231 554 2319 prorsus
613 2252 769 2294 non
803 2242 1109 2317 poterant
1144 2229 1262 2294 nifi
1313 2229 1399 2293 ab
1447 2251 1526 2292 eo
1564 2229 1681 2315 qui
1721 2250 1831 2299 eas
1869 2230 2351 2309 coniunxerat,

272 2331 587 2398 omnibus
631 2332 916 2400 flexibus
972 2332 1406 2402 flecterentur
1458 2353 1827 2417 omnesque
1885 2330 2244 2397 fractiones
2286 2343 2364 2412 et⁸

273 2435 751 2523 discrepantias
807 2435 1073 2502 orbium
1126 2436 1532 2501 inducerent
1586 2435 2143 2518 quotiescumque
2203 2431 2355 2500 fieri
2384 2501 2398 2526 ἶ

271 2542 505 2624 posset,
547 2538 642 2616 ita
667 2550 743 2603 ut
773 2539 942 2604 inter
974 2542 1037 2603 se
1067 2538 1185 2615 vix
1208 2539 1515 2625 colligata
1531 2535 1877 2601 ferrentur
1901 2532 2198 2619 quidem,
2240 2532 2356 2600 sed

274 2640 418 2704 fine
447 2639 1116 2716 ratione-ferrentur,
1159 2640 1363 2705 modo
1410 2637 1786 2711 contraria,
1832 2634 2033 2701 modo
2061 2636 2353 2722 obliqua,

273 2740 487 2808 modo
535 2739 793 2829 supina,
840 2744 1028 2807 velut
1069 2745 1116 2807 fi
1159 2740 1305 2824 quis
1349 2740 1702 2826 resupinus
1749 2750 1954 2827 caput
1992 2738 2062 2805 in
2095 2751 2353 2808 terram

273 2844 604 2931 imponat,
646 2845 848 2930 pedes
881 2857 1110 2912 autem
1137 2844 1396 2908 sursum
1437 2841 1637 2919 alicui
1662 2842 1761 2907 rei
1786 2841 2167 2924 admoveat,
2202 2854 2354 2907 tum

275 2948 351 3013 in
388 2948 512 3011 hoc
545 2948 712 3011 statu
756 2959 897 3012 tam
947 2943 1088 3013 eius
1125 2944 1242 3032 qui
1275 2946 1362 3010 fic
1395 2946 1462 3008 se
1496 2943 1697 3009 habet
1726 2945 1935 3029 quam
1965 2949 2203 3011 eorum
2236 2940 2355 3030 qui

274 3050 469 3118 illum
507 3048 740 3115 vident
785 3049 1061 3116 dextrae
1098 3058 1318 3136 partes
1348 3047 1634 3113 sinistrae
1663 3057 1730 3111 et
1759 3046 2043 3112 sinistrae
2080 3046 2357 3111 dextrae

277 3152 582 3236 utrisque
611 3164 1058 3238 utrorumque
1081 3151 1414 3218 vide-ntur.
1462 3151 1701 3215 eodem
1731 3150 1938 3235 igitur
1953 3146 2159 3223 modo
2183 3145 2361 3211 aliis«

278 3277 410 3341 que
437 3254 752 3319 fimilibus
781 3254 1100 3319 circuitus
1121 3255 1554 3322 vehementer
1585 3252 1829 3331 affecti,
1873 3271 2087 3337 quum
2115 3247 2186 3311 in
2207 3266 2355 3312 rem

277 3358 575 3444 aliquam
595 3369 948 3422 externam
985 3356 1282 3448 eiusdem
1304 3368 1423 3422 aut
1440 3355 1711 3422 alterius
1734 3353 1997 3444 generis
2023 3347 2353 3425 incidunt,

276 3471 429 3524 tum
464 3458 528 3523 id
566 3460 740 3542 quod
768 3457 946 3542 idem
965 3482 1118 3524 cum
1152 3439 1373 3546 aliquo
1409 3471 1476 3525 et
1504 3456 1683 3544 quod
1716 3457 1999 3522 alterum
2026 3473 2103 3515 ac
2123 3447 2357 3513 diver·-

278 3562 428 3627 sum
457 3563 545 3626 est
569 3573 798 3627 contina
827 3585 903 3627 ac
933 3585 1094 3627 vere
1122 3564 1188 3625 se
1212 3561 1465 3626 habent
1491 3560 1901 3649 appellantes
1926 3552 2065 3620 falfi
2101 3563 2167 3615 et
2195 3550 2357 3613 insi·-

280 3666 544 3758 pientes
565 3665 889 3744 exfistunt,
933 3688 1057 3730 nec
1089 3664 1316 3730 ullus
1296 3688 1371 3730 m
1403 3665 1549 3751 ipfis
1582 3676 1732 3727 tum
1764 3654 2083 3723 circuitus
2120 3653 2208 3715 est
2240 3672 2357 3715 re-

280 3788 443 3851 gens
463 3791 542 3833 ac
560 3766 1005 3848 ducen33ru1
1009 3769 1115 3832 fus
1143 3790 1304 3833 vero
1329 3788 1541 3852 quum
1560 3764 1780 3828 sensus
1798 3756 2065 3845 quidam
2095 3753 2357 3821 extrin-

279 3873 466 3937 secus
512 3871 682 3937 illati
726 3882 793 3935 et
832 3816 1204 3937 incidentes
1249 3882 1469 3935 totum
1504 3872 1778 3951 quoque
1811 3857 2020 3924 animi
2048 3859 2357 3947 comple-

280 3994 455 4041 xum
482 3976 705 4039 secum
740 3976 1045 4055 trahunt,
1089 3987 1233 4039 tum
1251 3972 1324 4038 hi
1350 3968 1643 4057 superati
1672 3965 1994 4044 videntur
2017 3964 2355 4054 superare

188 4081 191 4084 ’
281 4090 482 4166 atque
507 4091 792 4171 propter
827 4099 1060 4146 omnes
1081 4077 1200 4144 has
1229 4072 1614 4142 affectiones
1632 4091 1812 4135 nunc
1833 4065 2052 4160 primo
2082 4067 2355 4155 quidem
