<?xml version="1.0" encoding="UTF-8"?>
<!DOCTYPE html PUBLIC "-//W3C//DTD XHTML 1.0 Transitional//EN"
    "http://www.w3.org/TR/xhtml1/DTD/xhtml1-transitional.dtd">
<html xmlns="http://www.w3.org/1999/xhtml" xml:lang="en" lang="en">
 <head>
  <title>
</title>
<meta http-equiv="Content-Type" content="text/html;charset=utf-8" />
  <meta name='ocr-system' content='tesseract 3.04.00' />
  <meta name='ocr-capabilities' content='ocr_page ocr_carea ocr_par ocr_line ocrx_word'/>
</head>
<body>
  <div class='ocr_page' id='page_1' title='image "./platonisquaeexs00astgoog_0049.png"; bbox 0 0 2738 4600; ppageno 0'>
   <div class='ocr_carea' id='block_1_1' title="bbox 996 313 2367 390">
    <p class='ocr_par' dir='ltr' id='par_1_1' title="bbox 996 313 2367 390">
     <span class='ocr_line' id='line_1_1' title="bbox 996 313 2367 390; baseline -0.001 -1"><span class='ocrx_word' id='word_1_1' title='bbox 996 313 1436 390; x_wconf 73' lang='lat' dir='ltr'><strong>Po&#39;LI‘r&#39;IA</strong></span> <span class='ocrx_word' id='word_1_2' title='bbox 1471 315 1626 389; x_wconf 81' lang='lat' dir='ltr'>&#39;1x.</span> <span class='ocrx_word' id='word_1_3' title='bbox 2282 319 2367 388; x_wconf 73' lang='lat'><strong>42</strong></span> 
     </span>
    </p>
   </div>
   <div class='ocr_carea' id='block_1_2' title="bbox 258 479 2487 4068">
    <p class='ocr_par' dir='ltr' id='par_1_2' title="bbox 258 479 2487 4068">
     <span class='ocr_line' id='line_1_2' title="bbox 260 479 2376 580; baseline -0.004 -16"><span class='ocrx_word' id='word_1_4' title='bbox 260 504 455 565; x_wconf 53' lang='lat' dir='ltr'><strong>*cunti</strong></span> <span class='ocrx_word' id='word_1_5' title='bbox 479 479 592 561; x_wconf 88' lang='lat' dir='ltr'><strong>illo</strong></span> <span class='ocrx_word' id='word_1_6' title='bbox 619 491 1063 577; x_wconf 53' lang='lat' dir='ltr'><strong>disseramus»,</strong></span> <span class='ocrx_word' id='word_1_7' title='bbox 1110 516 1324 580; x_wconf 89' lang='lat' dir='ltr'><strong>quum</strong></span> <span class='ocrx_word' id='word_1_8' title='bbox 1375 495 1551 560; x_wconf 84' lang='lat' dir='ltr'><strong>inter</strong></span> <span class='ocrx_word' id='word_1_9' title='bbox 1586 514 1711 558; x_wconf 77' lang='lat' dir='ltr'><strong>nos</strong></span> <span class='ocrx_word' id='word_1_10' title='bbox 1733 489 2148 558; x_wconf 80' lang='lat' dir='ltr'><strong>-convenerit</strong></span> <span class='ocrx_word' id='word_1_11' title='bbox 2184 488 2376 555; x_wconf 85' lang='lat' dir='ltr'><strong>iniu-</strong></span> 
     </span>
     <span class='ocr_line' id='line_1_3' title="bbox 268 595 2371 684; baseline -0.004 -17"><span class='ocrx_word' id='word_1_12' title='bbox 268 601 460 667; x_wconf 56' lang='lat' dir='ltr'><strong>‘riam</strong></span> <span class='ocrx_word' id='word_1_13' title='bbox 492 597 709 663; x_wconf 86' lang='lat' dir='ltr'><strong>facere</strong></span> <span class='ocrx_word' id='word_1_14' title='bbox 752 607 820 662; x_wconf 86' lang='lat' dir='ltr'><strong>et</strong></span> <span class='ocrx_word' id='word_1_15' title='bbox 841 595 1008 662; x_wconf 86' lang='lat' dir='ltr'><strong>iuste</strong></span> <span class='ocrx_word' id='word_1_16' title='bbox 1036 619 1235 684; x_wconf 87' lang='lat' dir='ltr'><strong>agere</strong></span> <span class='ocrx_word' id='word_1_17' title='bbox 1279 618 1486 683; x_wconf 89' lang='lat' dir='ltr'><strong>quam</strong></span> <span class='ocrx_word' id='word_1_18' title='bbox 1519 608 1890 678; x_wconf 86' lang='lat' dir='ltr'><strong>utrumque</strong></span> <span class='ocrx_word' id='word_1_19' title='bbox 1927 596 2068 661; x_wconf 90' lang='lat' dir='ltr'><strong>vim</strong></span> <span class='ocrx_word' id='word_1_20' title='bbox 2106 595 2371 660; x_wconf 86' lang='lat' dir='ltr'><strong>habeat.</strong></span> 
     </span>
     <span class='ocr_line' id='line_1_4' title="bbox 266 696 2375 788; baseline -0.001 -23"><span class='ocrx_word' id='word_1_21' title='bbox 266 716 273 728; x_wconf 77' lang='grc'><strong>’·</strong></span> <span class='ocrx_word' id='word_1_22' title='bbox 297 698 714 788; x_wconf 75' lang='lat' dir='ltr'><strong>Quomodo?</strong></span> <span class='ocrx_word' id='word_1_23' title='bbox 768 698 1008 785; x_wconf 80' lang='lat' dir='ltr'><strong>inquit.</strong></span> <span class='ocrx_word' id='word_1_24' title='bbox 1094 701 1197 767; x_wconf 90' lang='lat' dir='ltr'><strong>Ita</strong></span> <span class='ocrx_word' id='word_1_25' title='bbox 1245 713 1323 764; x_wconf 87' lang='lat' dir='ltr'><strong>ut</strong></span> <span class='ocrx_word' id='word_1_26' title='bbox 1363 698 1735 784; x_wconf 77' lang='lat' dir='ltr'>imaginem</span> <span class='ocrx_word' id='word_1_27' title='bbox 1774 698 2101 784; x_wconf 83' lang='lat' dir='ltr'><strong>fingamus</strong></span> <span class='ocrx_word' id='word_1_28' title='bbox 2158 696 2375 767; x_wconf 86' lang='lat' dir='ltr'><strong>animi</strong></span> 
     </span>
     <span class='ocr_line' id='line_1_5' title="bbox 287 788 2377 890; baseline -0.001 -20"><span class='ocrx_word' id='word_1_29' title='bbox 287 803 547 882; x_wconf 74' lang='lat' dir='ltr'><strong>verbis,</strong></span> <span class='ocrx_word' id='word_1_30' title='bbox 608 815 687 867; x_wconf 79' lang='lat' dir='ltr'><strong>ut</strong></span> <span class='ocrx_word' id='word_1_31' title='bbox 722 788 885 868; x_wconf 67' lang='lat' dir='ltr'><strong>sciat</strong></span> <span class='ocrx_word' id='word_1_32' title='bbox 925 805 1041 890; x_wconf 78' lang='lat' dir='ltr'><strong>qui</strong></span> <span class='ocrx_word' id='word_1_33' title='bbox 1075 803 1242 868; x_wconf 77' lang='lat' dir='ltr'><strong>illud</strong></span> <span class='ocrx_word' id='word_1_34' title='bbox 1273 804 1437 868; x_wconf 72' lang='lat' dir='ltr'><strong>dixit</strong></span> <span class='ocrx_word' id='word_1_35' title='bbox 1472 804 1695 890; x_wconf 76' lang='lat' dir='ltr'><strong>qualia</strong></span> <span class='ocrx_word' id='word_1_36' title='bbox 1743 802 2008 866; x_wconf 71' lang='lat' dir='ltr'><strong>dixerit.</strong></span> <span class='ocrx_word' id='word_1_37' title='bbox 2100 801 2377 890; x_wconf 73' lang='lat' dir='ltr'><strong>Quam-</strong></span> 
     </span>
     <span class='ocr_line' id='line_1_6' title="bbox 287 904 2390 993; baseline -0.004 -19"><span class='ocrx_word' id='word_1_38' title='bbox 287 908 494 973; x_wconf 71' lang='lat' dir='ltr'><strong>nam?</strong></span> <span class='ocrx_word' id='word_1_39' title='bbox 538 904 776 991; x_wconf 86' lang='lat' dir='ltr'><strong>inquit.</strong></span> <span class='ocrx_word' id='word_1_40' title='bbox 869 906 1146 972; x_wconf 88' lang='lat' dir='ltr'><strong>Talium</strong></span> <span class='ocrx_word' id='word_1_41' title='bbox 1177 906 1515 992; x_wconf 85' lang='lat' dir='ltr'>aliquam,</span> <span class='ocrx_word' id='word_1_42' title='bbox 1563 905 1917 993; x_wconf 80' lang='lat' dir='ltr'><strong>respondi,</strong></span> <span class='ocrx_word' id='word_1_43' title='bbox 1961 906 2188 989; x_wconf 81' lang='lat' dir='ltr'><strong>quales</strong></span> <span class='ocrx_word' id='word_1_44' title='bbox 2222 916 2390 967; x_wconf 60' lang='lat' dir='ltr'><strong>nan</strong></span> 
     </span>
     <span class='ocr_line' id='line_1_7' title="bbox 258 1006 2380 1095; baseline -0.003 -19"><span class='ocrx_word' id='word_1_45' title='bbox 258 1021 531 1077; x_wconf 49' lang='lat' dir='ltr'><strong>¹{rantur</strong></span> <span class='ocrx_word' id='word_1_46' title='bbox 580 1009 899 1095; x_wconf 81' lang='lat' dir='ltr'><strong>antiquae</strong></span> <span class='ocrx_word' id='word_1_47' title='bbox 949 1009 1140 1074; x_wconf 87' lang='lat' dir='ltr'><strong>fuisse</strong></span> <span class='ocrx_word' id='word_1_48' title='bbox 1181 1019 1499 1088; x_wconf 86' lang='lat' dir='ltr'><strong>naturae,</strong></span> <span class='ocrx_word' id='word_1_49' title='bbox 1555 1008 1958 1073; x_wconf 80' lang='lat' dir='ltr'><strong>Chimaerae</strong></span> <span class='ocrx_word' id='word_1_50' title='bbox 2003 1019 2072 1071; x_wconf 87' lang='lat' dir='ltr'><strong>et</strong></span> <span class='ocrx_word' id='word_1_51' title='bbox 2116 1006 2380 1093; x_wconf 77' lang='lat' dir='ltr'><strong>Scyllae</strong></span> 
     </span>
     <span class='ocr_line' id='line_1_8' title="bbox 262 1109 2381 1196; baseline -0 -21"><span class='ocrx_word' id='word_1_52' title='bbox 262 1123 364 1175; x_wconf 77' lang='lat' dir='ltr'><strong>-et</strong></span> <span class='ocrx_word' id='word_1_53' title='bbox 408 1109 725 1192; x_wconf 78' lang='lat' dir='ltr'><strong>Cerberi,</strong></span> <span class='ocrx_word' id='word_1_54' title='bbox 771 1122 839 1193; x_wconf 80' lang='lat' dir='ltr'><strong>et</strong></span> <span class='ocrx_word' id='word_1_55' title='bbox 866 1109 1038 1175; x_wconf 86' lang='lat' dir='ltr'><strong>aliae</strong></span> <span class='ocrx_word' id='word_1_56' title='bbox 1083 1112 1456 1196; x_wconf 80' lang='lat' dir='ltr'><strong>permultae</strong></span> <span class='ocrx_word' id='word_1_57' title='bbox 1485 1110 1800 1181; x_wconf 81' lang='lat' dir='ltr'><strong>dicuntur</strong></span> <span class='ocrx_word' id='word_1_58' title='bbox 1826 1110 2016 1176; x_wconf 76' lang='lat' dir='ltr'><strong>fuiss&#39;e</strong></span> <span class='ocrx_word' id='word_1_59' title='bbox 2052 1132 2140 1175; x_wconf 82' lang='lat' dir='ltr'><strong>ex</strong></span> <span class='ocrx_word' id='word_1_60' title='bbox 2176 1109 2381 1174; x_wconf 75' lang='lat' dir='ltr'><strong>variis</strong></span> 
     </span>
     <span class='ocr_line' id='line_1_9' title="bbox 286 1211 2382 1298; baseline -0 -22"><span class='ocrx_word' id='word_1_61' title='bbox 286 1211 532 1277; x_wconf 63' lang='lat' dir='ltr'><strong>‘formis</strong></span> <span class='ocrx_word' id='word_1_62' title='bbox 563 1213 638 1277; x_wconf 90' lang='lat' dir='ltr'><strong>in</strong></span> <span class='ocrx_word' id='word_1_63' title='bbox 669 1213 1254 1295; x_wconf 72' lang='lat' dir='ltr'><strong>qnamconflatae.</strong></span> <span class='ocrx_word' id='word_1_64' title='bbox 1299 1214 1641 1280; x_wconf 85' lang='lat' dir='ltr'><strong>Dicuntur</strong></span> <span class='ocrx_word' id='word_1_65' title='bbox 1669 1236 1855 1294; x_wconf 84' lang='lat' dir='ltr'><strong>vero,</strong></span> <span class='ocrx_word' id='word_1_66' title='bbox 1887 1212 2127 1298; x_wconf 78' lang='lat' dir='ltr'><strong>inquit.</strong></span> <span class='ocrx_word' id='word_1_67' title='bbox 2161 1211 2382 1297; x_wconf 69' lang='lat' dir='ltr'><strong>«Finge</strong></span> 
     </span>
     <span class='ocr_line' id='line_1_10' title="bbox 290 1313 2386 1403; baseline -0.001 -23"><span class='ocrx_word' id='word_1_68' title='bbox 290 1315 743 1398; x_wconf 82' lang='lat' dir='ltr'><strong>igiturunam</strong></span> <span class='ocrx_word' id='word_1_69' title='bbox 779 1315 1057 1400; x_wconf 84' lang='lat' dir='ltr'><strong>quidem</strong></span> <span class='ocrx_word' id='word_1_70' title='bbox 1086 1315 1379 1385; x_wconf 68' lang='lat' dir='ltr'><strong>formam</strong></span> <span class='ocrx_word' id='word_1_71' title='bbox 1418 1316 1683 1382; x_wconf 87' lang='lat' dir='ltr'><strong>belluae</strong></span> <span class='ocrx_word' id='word_1_72' title='bbox 1725 1314 2113 1403; x_wconf 78' lang='lat' dir='ltr'><strong>multiplicis</strong></span> <span class='ocrx_word' id='word_1_73' title='bbox 2159 1313 2386 1379; x_wconf 88' lang='lat' dir='ltr'><strong>varia-</strong></span> 
     </span>
     <span class='ocr_line' id='line_1_11' title="bbox 296 1416 2386 1505; baseline 0.001 -25"><span class='ocrx_word' id='word_1_74' title='bbox 296 1440 429 1503; x_wconf 88' lang='lat' dir='ltr'><strong>que</strong></span> <span class='ocrx_word' id='word_1_75' title='bbox 461 1418 680 1505; x_wconf 80' lang='lat' dir='ltr'><strong>capita</strong></span> <span class='ocrx_word' id='word_1_76' title='bbox 707 1416 1034 1496; x_wconf 69' lang='lat' dir='ltr'><strong>habentia,</strong></span> <span class='ocrx_word' id='word_1_77' title='bbox 1063 1430 1130 1482; x_wconf 87' lang='lat' dir='ltr'><strong>et</strong></span> <span class='ocrx_word' id='word_1_78' title='bbox 1159 1420 1663 1484; x_wconf 81' lang='lat' dir='ltr'><strong>mansuetarum</strong></span> <span class='ocrx_word' id='word_1_79' title='bbox 1697 1418 1966 1502; x_wconf 85' lang='lat' dir='ltr'><strong>quidem</strong></span> <span class='ocrx_word' id='word_1_80' title='bbox 2000 1419 2386 1503; x_wconf 86' lang='lat' dir='ltr'><strong>belluarum</strong></span> 
     </span>
     <span class='ocr_line' id='line_1_12' title="bbox 272 1518 2389 1608; baseline -0.001 -23"><span class='ocrx_word' id='word_1_81' title='bbox 272 1518 557 1585; x_wconf 83' lang='lat' dir='ltr'><strong>cinctae</strong></span> <span class='ocrx_word' id='word_1_82' title='bbox 608 1520 934 1607; x_wconf 80' lang='lat' dir='ltr'><strong>capitibus</strong></span> <span class='ocrx_word' id='word_1_83' title='bbox 973 1521 1412 1589; x_wconf 76' lang='lat' dir='ltr'><strong>circumcirca</strong></span> <span class='ocrx_word' id='word_1_84' title='bbox 1466 1533 1534 1586; x_wconf 84' lang='lat' dir='ltr'><strong>et</strong></span> <span class='ocrx_word' id='word_1_85' title='bbox 1574 1519 1913 1601; x_wconf 84' lang='lat' dir='ltr'><strong>ferarum,</strong></span> <span class='ocrx_word' id='word_1_86' title='bbox 1975 1543 2146 1608; x_wconf 88' lang='lat' dir='ltr'><strong>quae</strong></span> <span class='ocrx_word' id='word_1_87' title='bbox 2192 1521 2389 1607; x_wconf 73' lang='lat' dir='ltr'><strong>possit</strong></span> 
     </span>
     <span class='ocr_line' id='line_1_13' title="bbox 297 1619 2390 1711; baseline 0 -29"><span class='ocrx_word' id='word_1_88' title='bbox 297 1622 434 1685; x_wconf 86' lang='lat' dir='ltr'><strong>sese</strong></span> <span class='ocrx_word' id='word_1_89' title='bbox 469 1633 731 1686; x_wconf 85' lang='lat' dir='ltr'><strong>mutare</strong></span> <span class='ocrx_word' id='word_1_90' title='bbox 765 1633 829 1686; x_wconf 88' lang='lat' dir='ltr'><strong>et</strong></span> <span class='ocrx_word' id='word_1_91' title='bbox 854 1647 1212 1711; x_wconf 87' lang='lat' dir='ltr'><strong>procreare</strong></span> <span class='ocrx_word' id='word_1_92' title='bbox 1248 1646 1335 1690; x_wconf 72' lang='lat' dir='ltr'><strong>ex</strong></span> <span class='ocrx_word' id='word_1_93' title='bbox 1377 1627 1587 1693; x_wconf 84' lang='lat' dir='ltr'><strong>semet</strong></span> <span class='ocrx_word' id='word_1_94' title='bbox 1613 1623 1776 1688; x_wconf 88' lang='lat' dir='ltr'><strong>haec</strong></span> <span class='ocrx_word' id='word_1_95' title='bbox 1805 1622 2055 1689; x_wconf 86' lang='lat' dir='ltr'><strong>omnia.</strong></span> <span class='ocrx_word' id='word_1_96' title='bbox 2142 1619 2390 1687; x_wconf 87' lang='lat' dir='ltr'><strong>Admi-</strong></span> 
     </span>
     <span class='ocr_line' id='line_1_14' title="bbox 297 1720 2393 1813; baseline -0.002 -25"><span class='ocrx_word' id='word_1_97' title='bbox 297 1721 533 1803; x_wconf 83' lang='lat' dir='ltr'><strong>rabilis</strong></span> <span class='ocrx_word' id='word_1_98' title='bbox 562 1723 852 1807; x_wconf 76' lang='lat' dir='ltr'><strong>fictoris,</strong></span> <span class='ocrx_word' id='word_1_99' title='bbox 896 1728 1152 1813; x_wconf 86' lang='lat' dir='ltr'><strong>inquit,</strong></span> <span class='ocrx_word' id='word_1_100' title='bbox 1196 1742 1407 1812; x_wconf 86' lang='lat' dir='ltr'><strong>&#39;opus;</strong></span> <span class='ocrx_word' id='word_1_101' title='bbox 1458 1737 1795 1807; x_wconf 81' lang='lat' dir='ltr'><strong>attamen,</strong></span> <span class='ocrx_word' id='word_1_102' title='bbox 1839 1723 2162 1810; x_wconf 85' lang='lat' dir='ltr'><strong>quoniam</strong></span> <span class='ocrx_word' id='word_1_103' title='bbox 2189 1720 2393 1787; x_wconf 82' lang='lat' dir='ltr'><strong>flexi-</strong></span> 
     </span>
     <span class='ocr_line' id='line_1_15' title="bbox 299 1825 2397 1913; baseline 0.002 -25"><span class='ocrx_word' id='word_1_104' title='bbox 299 1825 505 1890; x_wconf 84' lang='lat' dir='ltr'><strong>bilior</strong></span> <span class='ocrx_word' id='word_1_105' title='bbox 531 1847 734 1911; x_wconf 88' lang='lat' dir='ltr'><strong>quam</strong></span> <span class='ocrx_word' id='word_1_106' title='bbox 763 1850 919 1893; x_wconf 87' lang='lat' dir='ltr'><strong>cera</strong></span> <span class='ocrx_word' id='word_1_107' title='bbox 947 1830 1207 1913; x_wconf 79' lang='lat' dir='ltr'><strong>aliaque</strong></span> <span class='ocrx_word' id='word_1_108' title='bbox 1237 1828 1302 1890; x_wconf 85' lang='lat' dir='ltr'><strong>id</strong></span> <span class='ocrx_word' id='word_1_109' title='bbox 1334 1848 1545 1911; x_wconf 85' lang='lat' dir='ltr'><strong>genus</strong></span> <span class='ocrx_word' id='word_1_110' title='bbox 1572 1829 1785 1890; x_wconf 84' lang='lat' dir='ltr'><strong>oratio</strong></span> <span class='ocrx_word' id='word_1_111' title='bbox 1820 1830 1937 1900; x_wconf 89' lang='lat' dir='ltr'><strong>est,</strong></span> <span class='ocrx_word' id='word_1_112' title='bbox 1981 1827 2215 1891; x_wconf 83' lang='lat' dir='ltr'><strong>fictum</strong></span> <span class='ocrx_word' id='word_1_113' title='bbox 2247 1828 2397 1893; x_wconf 83' lang='lat' dir='ltr'><strong>estc.</strong></span> 
     </span>
     <span class='ocr_line' id='line_1_16' title="bbox 299 1927 2466 2012; baseline -0 -20"><span class='ocrx_word' id='word_1_114' title='bbox 299 1928 528 1995; x_wconf 87' lang='lat' dir='ltr'><strong>Unam</strong></span> <span class='ocrx_word' id='word_1_115' title='bbox 563 1952 723 1993; x_wconf 89' lang='lat' dir='ltr'><strong>vero</strong></span> <span class='ocrx_word' id='word_1_116' title='bbox 775 1931 979 1994; x_wconf 88' lang='lat' dir='ltr'><strong>aliam</strong></span> <span class='ocrx_word' id='word_1_117' title='bbox 1009 1930 1304 1993; x_wconf 84' lang='lat' dir='ltr'><strong>formam</strong></span> <span class='ocrx_word' id='word_1_118' title='bbox 1333 1930 1513 2012; x_wconf 83' lang='lat' dir='ltr'><strong>finge</strong></span> <span class='ocrx_word' id='word_1_119' title='bbox 1545 1927 1794 2010; x_wconf 77' lang='lat' dir='ltr'><strong>leoniS,</strong></span> <span class='ocrx_word' id='word_1_120' title='bbox 1854 1944 1920 1991; x_wconf 86' lang='lat' dir='ltr'><strong>et</strong></span> <span class='ocrx_word' id='word_1_121' title='bbox 1955 1930 2234 1992; x_wconf 87' lang='lat' dir='ltr'><strong>alteram</strong></span> <span class='ocrx_word' id='word_1_122' title='bbox 2263 1927 2399 1992; x_wconf 84' lang='lat' dir='ltr'><strong>ho·</strong></span> <span class='ocrx_word' id='word_1_123' title='bbox 2461 1944 2466 1949; x_wconf 80' lang='grc'><em>·</em></span> 
     </span>
     <span class='ocr_line' id='line_1_17' title="bbox 273 2027 2397 2118; baseline -0.001 -22"><span class='ocrx_word' id='word_1_124' title='bbox 273 2034 569 2110; x_wconf 72' lang='grc' dir='ltr'><strong>,ωἰηίε,.</strong></span> <span class='ocrx_word' id='word_1_125' title='bbox 604 2032 807 2115; x_wconf 86' lang='lat' dir='ltr'><strong>longe</strong></span> <span class='ocrx_word' id='word_1_126' title='bbox 825 2052 989 2096; x_wconf 87' lang='lat' dir='ltr'><strong>vero</strong></span> <span class='ocrx_word' id='word_1_127' title='bbox 1008 2031 1317 2096; x_wconf 74' lang='lat' dir='ltr'><strong>maxima</strong></span> <span class='ocrx_word' id='word_1_128' title='bbox 1350 2033 1481 2094; x_wconf 86' lang='lat' dir='ltr'><strong>esto</strong></span> <span class='ocrx_word' id='word_1_129' title='bbox 1514 2027 1767 2118; x_wconf 86' lang='lat' dir='ltr'><strong>prima,</strong></span> <span class='ocrx_word' id='word_1_130' title='bbox 1828 2043 1894 2095; x_wconf 85' lang='lat' dir='ltr'><strong>et</strong></span> <span class='ocrx_word' id='word_1_131' title='bbox 1936 2029 2227 2115; x_wconf 88' lang='lat' dir='ltr'><strong>secunda</strong></span> <span class='ocrx_word' id='word_1_132' title='bbox 2268 2052 2397 2117; x_wconf 90' lang='lat' dir='ltr'><strong>po-</strong></span> 
     </span>
     <span class='ocr_line' id='line_1_18' title="bbox 296 2131 2398 2219; baseline -0.002 -18"><span class='ocrx_word' id='word_1_133' title='bbox 296 2131 560 2201; x_wconf 71' lang='lat' dir='ltr'><strong>,ste-rior.</strong></span> <span class='ocrx_word' id='word_1_134' title='bbox 649 2132 830 2203; x_wconf 89' lang='lat' dir='ltr'><strong>Hoc,</strong></span> <span class='ocrx_word' id='word_1_135' title='bbox 870 2132 1111 2216; x_wconf 81' lang='lat' dir='ltr'><strong>inquit,</strong></span> <span class='ocrx_word' id='word_1_136' title='bbox 1178 2132 1471 2213; x_wconf 85' lang='lat' dir='ltr'><strong>facilius;</strong></span> <span class='ocrx_word' id='word_1_137' title='bbox 1516 2145 1718 2219; x_wconf 87' lang='lat' dir='ltr'><strong>atque</strong></span> <span class='ocrx_word' id='word_1_138' title='bbox 1746 2133 1976 2197; x_wconf 84' lang='lat' dir='ltr'><strong>fictum</strong></span> <span class='ocrx_word' id='word_1_139' title='bbox 2010 2134 2115 2196; x_wconf 90' lang='lat' dir='ltr'><strong>est.</strong></span> <span class='ocrx_word' id='word_1_140' title='bbox 2206 2131 2398 2197; x_wconf 91' lang='lat' dir='ltr'><strong>Con-</strong></span> 
     </span>
     <span class='ocr_line' id='line_1_19' title="bbox 277 2233 2434 2325; baseline -0.004 -19"><span class='ocrx_word' id='word_1_141' title='bbox 277 2286 280 2288; x_wconf 29' lang='lat' dir='ltr'>v</span> <span class='ocrx_word' id='word_1_142' title='bbox 311 2240 520 2325; x_wconf 88' lang='lat' dir='ltr'><strong>iunge</strong></span> <span class='ocrx_word' id='word_1_143' title='bbox 541 2236 750 2324; x_wconf 87' lang='lat' dir='ltr'><strong>igitur</strong></span> <span class='ocrx_word' id='word_1_144' title='bbox 779 2233 902 2298; x_wconf 86' lang='lat' dir='ltr'><strong>tria</strong></span> <span class='ocrx_word' id='word_1_145' title='bbox 930 2235 1039 2302; x_wconf 86' lang='lat' dir='ltr'><strong>illa</strong></span> <span class='ocrx_word' id='word_1_146' title='bbox 1065 2235 1135 2298; x_wconf 89' lang='lat' dir='ltr'><strong>in</strong></span> <span class='ocrx_word' id='word_1_147' title='bbox 1165 2258 1415 2318; x_wconf 90' lang='lat' dir='ltr'><strong>unum,</strong></span> <span class='ocrx_word' id='word_1_148' title='bbox 1470 2247 1544 2300; x_wconf 88' lang='lat' dir='ltr'><strong>ut</strong></span> <span class='ocrx_word' id='word_1_149' title='bbox 1575 2235 2076 2320; x_wconf 87' lang='lat' dir='ltr'><strong>quodammodo</strong></span> <span class='ocrx_word' id='word_1_150' title='bbox 2115 2234 2296 2300; x_wconf 88' lang='lat' dir='ltr'><strong>inter</strong></span> <span class='ocrx_word' id='word_1_151' title='bbox 2325 2235 2398 2298; x_wconf 83' lang='lat' dir='ltr'><strong>se</strong></span> <span class='ocrx_word' id='word_1_152' title='bbox 2429 2276 2434 2277; x_wconf 29' lang='grc' dir='ltr'><em>ν</em></span> 
     </span>
     <span class='ocr_line' id='line_1_20' title="bbox 310 2337 2399 2425; baseline -0.002 -20"><span class='ocrx_word' id='word_1_153' title='bbox 310 2342 698 2407; x_wconf 84' lang='lat' dir='ltr'><strong>coalescant.</strong></span> <span class='ocrx_word' id='word_1_154' title='bbox 791 2338 1169 2405; x_wconf 87' lang='lat' dir='ltr'><strong>Coniuncta</strong></span> <span class='ocrx_word' id='word_1_155' title='bbox 1195 2340 1382 2412; x_wconf 82' lang='lat' dir='ltr'><strong>sunt,</strong></span> <span class='ocrx_word' id='word_1_156' title='bbox 1430 2338 1710 2423; x_wconf 89' lang='lat' dir='ltr'><strong>inquit..</strong></span> <span class='ocrx_word' id='word_1_157' title='bbox 1764 2339 2025 2425; x_wconf 87' lang='lat' dir='ltr'><strong>Affinge</strong></span> <span class='ocrx_word' id='word_1_158' title='bbox 2050 2360 2259 2425; x_wconf 84' lang='lat' dir='ltr'><strong>porro</strong></span> <span class='ocrx_word' id='word_1_159' title='bbox 2289 2337 2399 2402; x_wconf 80' lang='lat' dir='ltr'><strong>his</strong></span> 
     </span>
     <span class='ocr_line' id='line_1_21' title="bbox 301 2440 2400 2525; baseline -0.001 -20"><span class='ocrx_word' id='word_1_160' title='bbox 301 2444 727 2508; x_wconf 70' lang='lat' dir='ltr'><strong>‚extrinsecus</strong></span> <span class='ocrx_word' id='word_1_161' title='bbox 758 2440 957 2505; x_wconf 77' lang='lat' dir='ltr'><strong>unius</strong></span> <span class='ocrx_word' id='word_1_162' title='bbox 982 2440 1368 2525; x_wconf 85' lang='lat' dir='ltr'><strong>imaginem,</strong></span> <span class='ocrx_word' id='word_1_163' title='bbox 1412 2441 1739 2519; x_wconf 85' lang='lat' dir='ltr'><strong>hominis,</strong></span> <span class='ocrx_word' id='word_1_164' title='bbox 1782 2454 1890 2521; x_wconf 87' lang='lat' dir='ltr'><strong>ut,</strong></span> <span class='ocrx_word' id='word_1_165' title='bbox 1936 2441 2054 2525; x_wconf 88' lang='lat' dir='ltr'><strong>qui</strong></span> <span class='ocrx_word' id='word_1_166' title='bbox 2087 2463 2226 2503; x_wconf 88' lang='lat' dir='ltr'><strong>non</strong></span> <span class='ocrx_word' id='word_1_167' title='bbox 2254 2441 2400 2525; x_wconf 89' lang='lat' dir='ltr'><strong>pos-</strong></span> 
     </span>
     <span class='ocr_line' id='line_1_22' title="bbox 258 2530 2466 2631; baseline -0.002 -20"><span class='ocrx_word' id='word_1_168' title='bbox 258 2577 264 2582; x_wconf 91' lang='lat'>·</span> <span class='ocrx_word' id='word_1_169' title='bbox 314 2549 390 2611; x_wconf 83' lang='lat' dir='ltr'><strong>fit</strong></span> <span class='ocrx_word' id='word_1_170' title='bbox 416 2544 739 2610; x_wconf 90' lang='lat' dir='ltr'><strong>interiora</strong></span> <span class='ocrx_word' id='word_1_171' title='bbox 763 2544 1093 2631; x_wconf 81' lang='lat' dir='ltr'><strong>spectare,</strong></span> <span class='ocrx_word' id='word_1_172' title='bbox 1151 2544 1263 2607; x_wconf 84' lang='lat' dir='ltr'><strong>sed</strong></span> <span class='ocrx_word' id='word_1_173' title='bbox 1309 2544 1611 2609; x_wconf 82' lang='lat' dir='ltr'><strong>exterius</strong></span> <span class='ocrx_word' id='word_1_174' title='bbox 1644 2556 1912 2610; x_wconf 77' lang='lat' dir='ltr'><strong>tantum</strong></span> <span class='ocrx_word' id='word_1_175' title='bbox 1963 2542 2401 2614; x_wconf 86' lang='lat' dir='ltr'><strong>involucrum</strong></span> <span class='ocrx_word' id='word_1_176' title='bbox 2462 2530 2466 2536; x_wconf 26' lang='lat'>³</span> 
     </span>
     <span class='ocr_line' id='line_1_23' title="bbox 315 2629 2408 2733; baseline -0.002 -21"><span class='ocrx_word' id='word_1_177' title='bbox 315 2646 711 2733; x_wconf 74' lang='lat' dir='ltr'><strong>conspiciat,</strong></span> <span class='ocrx_word' id='word_1_178' title='bbox 774 2649 992 2711; x_wconf 87' lang='lat' dir='ltr'><strong>unum</strong></span> <span class='ocrx_word' id='word_1_179' title='bbox 1035 2646 1290 2712; x_wconf 89' lang='lat' dir='ltr'><strong>animal</strong></span> <span class='ocrx_word' id='word_1_180' title='bbox 1333 2646 1573 2709; x_wconf 79' lang='lat' dir='ltr'><strong>videre</strong></span> <span class='ocrx_word' id='word_1_181' title='bbox 1612 2646 1962 2728; x_wconf 78' lang='lat' dir='ltr'><strong>videatur,</strong></span> <span class='ocrx_word' id='word_1_182' title='bbox 2023 2629 2408 2712; x_wconf 38' lang='lat' dir='ltr'><strong>hominem,</strong></span> 
     </span>
     <span class='ocr_line' id='line_1_24' title="bbox 315 2746 2487 2836; baseline -0.003 -20"><span class='ocrx_word' id='word_1_183' title='bbox 315 2748 556 2820; x_wconf 79' lang='lat' dir='ltr'><strong>Afficta</strong></span> <span class='ocrx_word' id='word_1_184' title='bbox 593 2746 968 2832; x_wconf 82' lang='lat' dir='ltr'><strong>est,inquit.</strong></span> <span class='ocrx_word' id='word_1_185' title='bbox 1026 2748 1347 2814; x_wconf 86' lang='lat' dir='ltr'><strong>Dicamus</strong></span> <span class='ocrx_word' id='word_1_186' title='bbox 1372 2748 1507 2813; x_wconf 88' lang='lat' dir='ltr'><strong>iam</strong></span> <span class='ocrx_word' id='word_1_187' title='bbox 1539 2748 1598 2811; x_wconf 89' lang='lat' dir='ltr'><strong>ei</strong></span> <span class='ocrx_word' id='word_1_188' title='bbox 1637 2748 1752 2831; x_wconf 90' lang='lat' dir='ltr'><strong>qui</strong></span> <span class='ocrx_word' id='word_1_189' title='bbox 1781 2749 2076 2815; x_wconf 80' lang='lat' dir='ltr'><strong>statuerit</strong></span> <span class='ocrx_word' id='word_1_190' title='bbox 2106 2749 2403 2836; x_wconf 83' lang='lat' dir='ltr'><strong>prodeffe</strong></span> <span class='ocrx_word' id='word_1_191' title='bbox 2483 2814 2487 2820; x_wconf 60' lang='grc'>,</span> 
     </span>
     <span class='ocr_line' id='line_1_25' title="bbox 317 2828 2406 2933; baseline 0.002 -18"><span class='ocrx_word' id='word_1_192' title='bbox 317 2852 478 2922; x_wconf 80' lang='lat' dir='ltr'><strong>huie</strong></span> <span class='ocrx_word' id='word_1_193' title='bbox 516 2847 780 2915; x_wconf 88' lang='lat' dir='ltr'><strong>homini</strong></span> <span class='ocrx_word' id='word_1_194' title='bbox 828 2850 1066 2916; x_wconf 87' lang='lat' dir='ltr'><strong>iniuste</strong></span> <span class='ocrx_word' id='word_1_195' title='bbox 1109 2850 1374 2933; x_wconf 88' lang='lat' dir='ltr'><strong>facere,</strong></span> <span class='ocrx_word' id='word_1_196' title='bbox 1435 2849 1746 2915; x_wconf 77' lang='lat' dir='ltr'><strong>iustitiam</strong></span> <span class='ocrx_word' id='word_1_197' title='bbox 1800 2875 1962 2917; x_wconf 88' lang='lat' dir='ltr'><strong>vero</strong></span> <span class='ocrx_word' id='word_1_198' title='bbox 1999 2828 2222 2917; x_wconf 71' lang='lat' dir='ltr'><strong>colere</strong></span> <span class='ocrx_word' id='word_1_199' title='bbox 2265 2872 2406 2920; x_wconf 74' lang='lat' dir='ltr'><strong>nou</strong></span> 
     </span>
     <span class='ocr_line' id='line_1_26' title="bbox 324 2949 2407 3044; baseline -0.002 -25"><span class='ocrx_word' id='word_1_200' title='bbox 324 2953 680 3042; x_wconf 78' lang='lat' dir='ltr'><strong>expedire,</strong></span> <span class='ocrx_word' id='word_1_201' title='bbox 724 2951 892 3044; x_wconf 80' lang='lat' dir='ltr'><strong>nihil</strong></span> <span class='ocrx_word' id='word_1_202' title='bbox 914 2949 1112 3018; x_wconf 75' lang='lat' dir='ltr'><strong>aliut]</strong></span> <span class='ocrx_word' id='word_1_203' title='bbox 1143 2976 1299 3019; x_wconf 85' lang='lat' dir='ltr'><strong>eum</strong></span> <span class='ocrx_word' id='word_1_204' title='bbox 1333 2954 1785 3041; x_wconf 76' lang='lat' dir='ltr'><strong>pronunciare</strong></span> <span class='ocrx_word' id='word_1_205' title='bbox 1823 2956 1940 3018; x_wconf 85' lang='lat' dir='ltr'><strong>nifi</strong></span> <span class='ocrx_word' id='word_1_206' title='bbox 1972 2955 2136 3034; x_wconf 82' lang='lat' dir='ltr'><strong>hoo,</strong></span> <span class='ocrx_word' id='word_1_207' title='bbox 2192 2950 2407 3040; x_wconf 85' lang='lat' dir='ltr'><strong>prod-</strong></span> 
     </span>
     <span class='ocr_line' id='line_1_27' title="bbox 326 3054 2407 3143; baseline -0.005 -17"><span class='ocrx_word' id='word_1_208' title='bbox 326 3054 452 3126; x_wconf 83' lang='lat' dir='ltr'><strong>effe</strong></span> <span class='ocrx_word' id='word_1_209' title='bbox 482 3059 550 3126; x_wconf 62' lang='lat' dir='ltr'><strong>,ei</strong></span> <span class='ocrx_word' id='word_1_210' title='bbox 582 3056 1037 3143; x_wconf 80' lang='lat' dir='ltr'><strong>,multiplicem</strong></span> <span class='ocrx_word' id='word_1_211' title='bbox 1087 3056 1382 3121; x_wconf 88' lang='lat' dir='ltr'><strong>belluam</strong></span> <span class='ocrx_word' id='word_1_212' title='bbox 1431 3056 1603 3126; x_wconf 86' lang='lat' dir='ltr'><strong>bene</strong></span> <span class='ocrx_word' id='word_1_213' title='bbox 1637 3059 1908 3142; x_wconf 81' lang='lat' dir='ltr'><strong>pascere</strong></span> <span class='ocrx_word' id='word_1_214' title='bbox 1936 3057 2407 3140; x_wconf 83' lang='lat' dir='ltr'><strong>robustamque</strong></span> 
     </span>
     <span class='ocr_line' id='line_1_28' title="bbox 326 3160 2407 3244; baseline -0.006 -12"><span class='ocrx_word' id='word_1_215' title='bbox 326 3166 590 3231; x_wconf 83' lang='lat' dir='ltr'><strong>efficere</strong></span> <span class='ocrx_word' id='word_1_216' title='bbox 617 3162 916 3244; x_wconf 77' lang='lat' dir='ltr'><strong>itemque</strong></span> <span class='ocrx_word' id='word_1_217' title='bbox 941 3161 1210 3230; x_wconf 87' lang='lat' dir='ltr'><strong>leonem</strong></span> <span class='ocrx_word' id='word_1_218' title='bbox 1245 3180 1481 3243; x_wconf 89' lang='lat' dir='ltr'><strong>resque</strong></span> <span class='ocrx_word' id='word_1_219' title='bbox 1512 3160 1757 3242; x_wconf 78' lang='lat' dir='ltr'><strong>leonis,</strong></span> <span class='ocrx_word' id='word_1_220' title='bbox 1801 3161 2148 3225; x_wconf 85' lang='lat' dir='ltr'><strong>hominem</strong></span> <span class='ocrx_word' id='word_1_221' title='bbox 2176 3170 2407 3221; x_wconf 78' lang='lat' dir='ltr'><strong>autem</strong></span> 
     </span>
     <span class='ocr_line' id='line_1_29' title="bbox 325 3259 2411 3344; baseline -0.008 -10"><span class='ocrx_word' id='word_1_222' title='bbox 325 3267 550 3336; x_wconf 87' lang='lat' dir='ltr'><strong>:inedia</strong></span> <span class='ocrx_word' id='word_1_223' title='bbox 581 3284 818 3331; x_wconf 85' lang='lat' dir='ltr'><strong>necare</strong></span> <span class='ocrx_word' id='word_1_224' title='bbox 844 3260 1394 3344; x_wconf 85' lang='lat' dir='ltr'><strong>imbecillumque</strong></span> <span class='ocrx_word' id='word_1_225' title='bbox 1419 3259 1734 3343; x_wconf 81' lang='lat' dir='ltr'><strong>reddere,</strong></span> <span class='ocrx_word' id='word_1_226' title='bbox 1780 3276 1855 3328; x_wconf 86' lang='lat' dir='ltr'><strong>ut</strong></span> <span class='ocrx_word' id='word_1_227' title='bbox 1897 3263 2202 3328; x_wconf 80' lang='lat' dir='ltr'><strong>trahatur</strong></span> <span class='ocrx_word' id='word_1_228' title='bbox 2235 3279 2411 3342; x_wconf 82' lang='lat' dir='ltr'><strong>quo-</strong></span> 
     </span>
     <span class='ocr_line' id='line_1_30' title="bbox 331 3355 2412 3455; baseline -0.008 -19"><span class='ocrx_word' id='word_1_229' title='bbox 331 3390 618 3455; x_wconf 89' lang='lat' dir='ltr'><strong>cumque</strong></span> <span class='ocrx_word' id='word_1_230' title='bbox 648 3366 1051 3431; x_wconf 85' lang='lat' dir='ltr'><strong>alterutrum</strong></span> <span class='ocrx_word' id='word_1_231' title='bbox 1085 3363 1320 3442; x_wconf 80' lang='lat' dir='ltr'><strong>ducat,</strong></span> <span class='ocrx_word' id='word_1_232' title='bbox 1374 3384 1499 3426; x_wconf 87' lang='lat' dir='ltr'><strong>nec</strong></span> <span class='ocrx_word' id='word_1_233' title='bbox 1544 3365 1829 3430; x_wconf 85' lang='lat' dir='ltr'><strong>alterum</strong></span> <span class='ocrx_word' id='word_1_234' title='bbox 1868 3366 2080 3429; x_wconf 83' lang='lat' dir='ltr'><strong>altero</strong></span> <span class='ocrx_word' id='word_1_235' title='bbox 2116 3355 2412 3426; x_wconf 78' lang='lat' dir='ltr'><strong>assuefa-</strong></span> 
     </span>
     <span class='ocr_line' id='line_1_31' title="bbox 333 3459 2411 3554; baseline -0.007 -19"><span class='ocrx_word' id='word_1_236' title='bbox 333 3472 462 3540; x_wconf 81' lang='lat' dir='ltr'><strong>ciat</strong></span> <span class='ocrx_word' id='word_1_237' title='bbox 493 3491 704 3554; x_wconf 87' lang='lat' dir='ltr'><strong>neque</strong></span> <span class='ocrx_word' id='word_1_238' title='bbox 734 3467 1029 3538; x_wconf 87' lang='lat' dir='ltr'><strong>amicum</strong></span> <span class='ocrx_word' id='word_1_239' title='bbox 1058 3466 1329 3546; x_wconf 85' lang='lat' dir='ltr'><strong>reddat,</strong></span> <span class='ocrx_word' id='word_1_240' title='bbox 1374 3465 1483 3531; x_wconf 85' lang='lat' dir='ltr'><strong>sed</strong></span> <span class='ocrx_word' id='word_1_241' title='bbox 1513 3468 1675 3531; x_wconf 84' lang='lat' dir='ltr'><strong>smat</strong></span> <span class='ocrx_word' id='word_1_242' title='bbox 1710 3491 1789 3533; x_wconf 85' lang='lat' dir='ltr'><strong>ea</strong></span> <span class='ocrx_word' id='word_1_243' title='bbox 1813 3468 1989 3532; x_wconf 75' lang='lat' dir='ltr'><strong>inter</strong></span> <span class='ocrx_word' id='word_1_244' title='bbox 2010 3466 2076 3526; x_wconf 83' lang='lat' dir='ltr'><strong>se</strong></span> <span class='ocrx_word' id='word_1_245' title='bbox 2101 3459 2411 3525; x_wconf 84' lang='lat' dir='ltr'><strong>mordere</strong></span> 
     </span>
     <span class='ocr_line' id='line_1_32' title="bbox 331 3561 2414 3662; baseline -0.007 -22"><span class='ocrx_word' id='word_1_246' title='bbox 331 3587 400 3640; x_wconf 88' lang='lat' dir='ltr'><strong>et</strong></span> <span class='ocrx_word' id='word_1_247' title='bbox 440 3572 801 3662; x_wconf 81' lang='lat' dir='ltr'><strong>pugnantia</strong></span> <span class='ocrx_word' id='word_1_248' title='bbox 843 3574 910 3634; x_wconf 74' lang='lat' dir='ltr'><strong>ie</strong></span> <span class='ocrx_word' id='word_1_249' title='bbox 960 3587 1224 3638; x_wconf 81' lang='lat' dir='ltr'><strong>vorare.</strong></span> <span class='ocrx_word' id='word_1_250' title='bbox 1330 3566 1507 3634; x_wconf 88' lang='lat' dir='ltr'><strong>Sane</strong></span> <span class='ocrx_word' id='word_1_251' title='bbox 1542 3568 1855 3654; x_wconf 85' lang='lat' dir='ltr'><strong>quidem,</strong></span> <span class='ocrx_word' id='word_1_252' title='bbox 1923 3564 2173 3651; x_wconf 85' lang='lat' dir='ltr'><strong>inquit,</strong></span> <span class='ocrx_word' id='word_1_253' title='bbox 2245 3561 2414 3625; x_wconf 84' lang='lat' dir='ltr'><strong>haec</strong></span> 
     </span>
     <span class='ocr_line' id='line_1_33' title="bbox 332 3663 2416 3758; baseline -0.007 -15"><span class='ocrx_word' id='word_1_254' title='bbox 332 3675 588 3744; x_wconf 81' lang='lat' dir='ltr'><strong>dixerit</strong></span> <span class='ocrx_word' id='word_1_255' title='bbox 626 3675 742 3758; x_wconf 83' lang='lat' dir='ltr'><strong>qui</strong></span> <span class='ocrx_word' id='word_1_256' title='bbox 785 3673 1172 3739; x_wconf 85' lang='lat' dir='ltr'><strong>iniustitiam</strong></span> <span class='ocrx_word' id='word_1_257' title='bbox 1215 3670 1466 3738; x_wconf 86' lang='lat' dir='ltr'><strong>laudat.</strong></span> <span class='ocrx_word' id='word_1_258' title='bbox 1553 3672 1794 3737; x_wconf 88' lang='lat' dir='ltr'><strong>Nonne</strong></span> <span class='ocrx_word' id='word_1_259' title='bbox 1846 3679 2075 3733; x_wconf 85' lang='lat' dir='ltr'><strong>contra</strong></span> <span class='ocrx_word' id='word_1_260' title='bbox 2104 3663 2221 3751; x_wconf 89' lang='lat' dir='ltr'><strong>qui</strong></span> <span class='ocrx_word' id='word_1_261' title='bbox 2255 3666 2416 3730; x_wconf 89' lang='lat' dir='ltr'><strong>iuste</strong></span> 
     </span>
     <span class='ocr_line' id='line_1_34' title="bbox 331 3768 2419 3864; baseline -0.008 -14"><span class='ocrx_word' id='word_1_262' title='bbox 331 3780 557 3850; x_wconf 81' lang='lat' dir='ltr'><strong>facere</strong></span> <span class='ocrx_word' id='word_1_263' title='bbox 579 3778 812 3844; x_wconf 81' lang='lat' dir='ltr'><strong>statuet</strong></span> <span class='ocrx_word' id='word_1_264' title='bbox 841 3776 1160 3864; x_wconf 80' lang='lat' dir='ltr'><strong>expedire</strong></span> <span class='ocrx_word' id='word_1_265' title='bbox 1181 3774 1351 3841; x_wconf 87' lang='lat' dir='ltr'><strong>dicet</strong></span> <span class='ocrx_word' id='word_1_266' title='bbox 1375 3785 1689 3863; x_wconf 84' lang='lat' dir='ltr'><strong>oportere</strong></span> <span class='ocrx_word' id='word_1_267' title='bbox 1717 3773 1883 3838; x_wconf 88' lang='lat' dir='ltr'><strong>haec</strong></span> <span class='ocrx_word' id='word_1_268' title='bbox 1912 3769 1976 3833; x_wconf 85' lang='lat' dir='ltr'><strong>fa</strong></span> <span class='ocrx_word' id='word_1_269' title='bbox 1988 3790 2133 3832; x_wconf 84' lang='lat' dir='ltr'><strong>cere</strong></span> <span class='ocrx_word' id='word_1_270' title='bbox 2160 3768 2419 3833; x_wconf 81' lang='lat' dir='ltr'><strong>ethaeo</strong></span> 
     </span>
     <span class='ocr_line' id='line_1_35' title="bbox 335 3873 2472 3961; baseline -0.005 -18"><span class='ocrx_word' id='word_1_271' title='bbox 335 3883 551 3948; x_wconf 79' lang='lat' dir='ltr'><strong>dicere</strong></span> <span class='ocrx_word' id='word_1_272' title='bbox 567 3928 591 3959; x_wconf 92' lang='lat'><strong>,</strong></span> <span class='ocrx_word' id='word_1_273' title='bbox 648 3879 827 3945; x_wconf 83' lang='lat' dir='ltr'><strong>unde</strong></span> <span class='ocrx_word' id='word_1_274' title='bbox 854 3879 1145 3943; x_wconf 85' lang='lat' dir='ltr'><strong>hominis</strong></span> <span class='ocrx_word' id='word_1_275' title='bbox 1175 3877 1458 3943; x_wconf 86' lang='lat' dir='ltr'><strong>interior</strong></span> <span class='ocrx_word' id='word_1_276' title='bbox 1499 3877 1706 3941; x_wconf 88' lang='lat' dir='ltr'><strong>homo</strong></span> <span class='ocrx_word' id='word_1_277' title='bbox 1748 3873 1875 3936; x_wconf 86' lang='lat' dir='ltr'><strong>erit</strong></span> <span class='ocrx_word' id='word_1_278' title='bbox 1904 3874 2422 3961; x_wconf 82' lang='lat' dir='ltr'><strong>temperantiffi-</strong></span> <span class='ocrx_word' id='word_1_279' title='bbox 2453 3895 2472 3922; x_wconf 66' lang='grc' dir='ltr'>ι</span> 
     </span>
     <span class='ocr_line' id='line_1_36' title="bbox 328 3972 2422 4068; baseline -0.01 -13"><span class='ocrx_word' id='word_1_280' title='bbox 328 4008 526 4068; x_wconf 66' lang='lat' dir='ltr'><strong>,mu-0„</strong></span> <span class='ocrx_word' id='word_1_281' title='bbox 592 3994 662 4048; x_wconf 85' lang='lat' dir='ltr'><strong>et</strong></span> <span class='ocrx_word' id='word_1_282' title='bbox 693 3983 777 4049; x_wconf 82' lang='lat' dir='ltr'><strong>de</strong></span> <span class='ocrx_word' id='word_1_283' title='bbox 806 3983 1154 4048; x_wconf 81' lang='lat' dir='ltr'><strong>animante</strong></span> <span class='ocrx_word' id='word_1_284' title='bbox 1190 3981 1409 4046; x_wconf 88' lang='lat' dir='ltr'><strong>multa</strong></span> <span class='ocrx_word' id='word_1_285' title='bbox 1440 3978 1658 4066; x_wconf 86' lang='lat' dir='ltr'><strong>capita</strong></span> <span class='ocrx_word' id='word_1_286' title='bbox 1697 3973 1985 4041; x_wconf 85' lang='lat' dir='ltr'><strong>habente</strong></span> <span class='ocrx_word' id='word_1_287' title='bbox 2019 3999 2255 4042; x_wconf 86' lang='lat' dir='ltr'><strong>curam</strong></span> <span class='ocrx_word' id='word_1_288' title='bbox 2298 3972 2422 4038; x_wconf 85' lang='lat' dir='ltr'><strong>ad·-</strong></span> 
     </span>
    </p>
   </div>
  </div>
 </body>
</html>
