2738 4600
1103 282 1112 286 “
1210 291 1661 365 CMTIAS.
2346 298 2474 387 295

394 487 605 551 quum
626 462 885 532 fuerint
906 489 1319 556 magnaeque
1338 470 1443 535 elu
1457 468 1689 536 viones
1706 455 2049 536 annorum*
2060 490 2306 535 novem
2322 468 2472 534 mil-

391 571 561 635 lium
608 568 818 657 spatio
845 575 1000 650 ¹(tot
1027 569 1207 649 enim
1247 571 1331 636 ab
1380 571 1498 637 illo
1541 583 1846 661 tempore
1885 573 1967 638 ad
2007 595 2323 659 praesens
2360 570 2473 636 in·-

393 677 834 738 tercefferunt
862 672 1051 753 anni)
1082 684 1261 771 terra
1285 673 1391 737 his
1431 675 1851 765 temporibus
1874 686 1938 740 et
1972 676 2222 743 cafibus
2255 675 2338 740 ab
2366 676 2472 739 al·-

303 817 313 822 -
392 771 476 836 tis
504 773 666 838 locis
699 774 998 860 defluens
1022 797 1247 861 neque
1275 795 1624 861 aggerem,
1671 789 1748 840 ut
1778 777 1921 841 aliis
1959 777 2030 841 in
2066 778 2255 857 lociS,
2301 800 2473 841 con-

388 877 566 959 gerit
595 877 1103 943 memorabilem
1137 889 1207 943 et
1237 877 1673 944 circumcirca
1703 880 1964 965 semper
1991 877 2470 955 circumfluens

388 978 913 1067 insprofundum
943 980 1116 1061 abit3
1161 983 1396 1048 relicta
1425 982 1632 1069 igitur
1659 984 1845 1061 sunt,
1892 981 2470 1065 quemadmodum

388 1082 462 1146 in
491 1082 745 1147 morbis
769 1082 1135 1166 diuturnis,
1181 1086 1363 1171 quasi
1389 1084 1692 1170 corporis
1722 1082 1857 1148 iam
1885 1086 2284 1169 aegrotantis
2315 1088 2465 1162 offa,

389 1185 645 1273 quippe
703 1196 880 1251 terra
942 1176 1486 1260 circumfluente,
1562 1193 2025 1275 quaecumque
2077 1184 2345 1272 pinguis
2403 1195 2470 1248 et

388 1290 653 1371 mollis,
700 1299 769 1353 et
817 1287 1007 1353 tenui
1044 1301 1312 1354 tantum
1357 1290 1648 1375 regionis
1679 1310 1964 1375 corpore
2003 1287 2258 1352 relicto,
2319 1297 2468 1352 tum

387 1416 553 1457 vero
584 1412 799 1476 quum
849 1391 1109 1477 integra
1155 1387 1299 1457 erat
1341 1408 1604 1457 montes
1637 1390 1929 1457 habebat
1975 1379 2306 1475 collesque
2340 1410 2468 1452 ex·-

387 1497 593 1560 celsos
627 1505 697 1558 et
728 1515 997 1581 campos
1027 1494 1424 1581 possidebat,
1473 1497 1592 1581 qui
1626 1518 1809 1562 nunc
1840 1493 2092 1559 Phellei
2118 1488 2463 1564 dicuntur,

388 1611 571 1663 terra
617 1595 851 1684 pingui
888 1593 1216 1679 refertos,
1273 1608 1340 1661 et
1383 1598 1638 1662 multas
1671 1598 1743 1663 in
1793 1596 2136 1662 montibus
2172 1593 2467 1659 habebat

389 1702 643 1787 sylvas,
699 1720 987 1784 quarum
1044 1701 1245 1765 etiam
1305 1699 1528 1767 adhuc
1578 1698 1919 1805 manifesta
1979 1700 2136 1762 sunt
2183 1695 2466 1775 indicia3

388 1806 538 1869 sunt
567 1800 746 1866 enim
778 1811 1042 1865 montes
1072 1803 1190 1888 qui
1213 1825 1401 1867 nunc
1433 1803 1704 1889 quidem
1734 1803 1970 1890 apibus
1990 1798 2141 1865 solis
2171 1798 2465 1863 alimen-

361 1913 535 1971 0tum
567 1903 920 1991 praebent,
964 1901 1036 1967 in
1063 1904 1305 1989 quibus
1332 1929 1496 1982 vero
1525 1929 1663 1970 non
1695 1902 1792 1968 ita
1825 1904 2040 1971 multo
2079 1912 2239 1966 ante
2267 1899 2461 1974 arbo·

383 2032 494 2074 res
516 2005 960 2071 caedebamur
990 2006 1070 2069 ad
1101 2009 1560 2075 maximorum
1587 2006 2048 2098 aedificiorum
2083 2002 2462 2070 exstructio-

388 2133 507 2175 nes
552 2107 866 2188 idoneae,
928 2129 1215 2193 quorum
1253 2122 1425 2175 tecta
1469 2113 1624 2176 sunt
1681 2109 1901 2176 adhuc
1943 2107 2140 2173 salva.
2204 2106 2478 2189 multae

387 2200 617 2277 autem⁸
641 2222 832 2276 erant
863 2212 1032 2277 aliae
1064 2215 1315 2279 sativae
1352 2214 1627 2280 arbores
1668 2211 1996 2288 excelsae,
2041 2220 2104 2273 et
2138 2206 2462 2296 pabulum

385 2314 756 2405 pecudibus
771 2310 1186 2382 ‘immensum
1214 2315 1621 2405 proferebat.
1673 2314 1832 2403 quin
1863 2312 2064 2377 etiam
2098 2308 2463 2398 quotannis

385 2441 558 2504 aqua
613 2417 868 2482 caelesti
910 2416 1300 2508 fruebatur,
1342 2443 1520 2498 non,
1565 2430 1643 2484 ut
1683 2439 1900 2491 nunc.
1947 2438 2097 2480 eam
2144 2411 2459 2477 amittens

386 2521 637 2608 quippe
683 2515 1008 2583 flue‘ntem
1054 2540 1097 2584 a
1145 2532 1329 2585 terra
1384 2522 1579 2586 sterili
1624 2519 1694 2585 in
1739 2542 1965 2600 mare,
2020 2514 2132 2580 sed
2175 2513 2460 2597 multam

385 2622 641 2687 habens
676 2632 743 2684 et
773 2619 846 2682 iu
875 2621 1082 2685 semet
1118 2622 1327 2708 ipsam
1363 2617 1754 2712 suscipiens,
1799 2622 2038 2710 argilla
2077 2616 2463 2683 continente

387 2746 536 2788 eam
589 2722 992 2787 conservans
1037 2734 1104 2786 et
1152 2724 1534 2814 absorptam
1572 2749 1816 2814 aquam
1864 2748 1975 2791 ex·
2014 2723 2152 2789 alto
2183 2719 2257 2784 in
2295 2738 2462 2784 cava

385 2824 782 2901 demittens,
828 2825 1139 2891 omnibus
1168 2826 1244 2892 in
1273 2827 1434 2892 locis
1475 2829 1842 2918 praebebat
1886 2829 2109 2914 largos
2160 2822 2459 2889 fontium

384 2942 452 2997 et
473 2928 835 2994 fluminum
865 2928 1119 3010 latices,
1165 2951 1457 3017 quorum
1489 2931 1686 2997 etiam
1723 2955 1905 3000 nunc
1939 2931 2163 2997 adhuc
2190 2925 2264 2990 in
2297 2923 2460 2988 fon-

384 3031 557 3097 tibus
596 3029 883 3119 pristinis
914 3022 1098 3098 sadra
1128 3033 1361 3100 relicta
1386 3034 1542 3099 sunt
1575 3034 1983 3099 documenta
2007 3028 2305 3098 veritatis
2337 3048 2459 3090 eo-

381 3157 535 3200 rum
577 3154 752 3218 quae
796 3154 980 3198 nunc
1023 3134 1107 3198 de
1148 3133 1265 3200 illa
1297 3135 1758 3224 exposuimus.
1847 3134 1945 3200 Ac
1992 3132 2251 3218 reliqua
2300 3126 2460 3213 qui-

381 3237 536 3301 dem
584 3234 770 3320 regio
809 3248 1048 3300 natura
1092 3238 1161 3300 se
1203 3239 1284 3302 fic
1332 3236 1659 3317 habebat,
1712 3249 1782 3302 et
1831 3235 2318 3313 adornabatur,
2378 3239 2458 3297 ul:

383 3339 900 3404 consentaneum
931 3339 1051 3420 est,
1097 3337 1181 3402 ab
1213 3340 1521 3426 agricolis
1564 3339 1745 3404 veris
1785 3337 1989 3426 idque
2011 3336 2231 3426 ipsum
2260 3355 2458 3420 agen·

380 3438 859 3525 tibus,pulchri
888 3452 957 3504 et
987 3440 1238 3506 honesti
1274 3442 1652 3509 amantibus
1678 3444 1991 3529 bonaque
2015 3438 2238 3507 indole
2264 3456 2456 3524 prae-

382 3539 536 3606 ditis
556 3587 574 3619 ‚
616 3551 865 3609 terram
892 3566 1104 3631 porro
1139 3545 1463 3632 optimam
1501 3557 1570 3610 et
1599 3567 1843 3630 aquam
1876 3544 2299 3631 largissimam
2328 3537 2458 3605 ha·-

380 3642 699 3708 bentibus
756 3644 1096 3732 supraque
1154 3658 1409 3714 terram
1471 3648 1732 3714 caelum
1790 3644 2456 3736 temperatisfimum3
2550 3695 2555 3699 .

381 3744 542 3811 urbs
578 3768 742 3810 vero
787 3749 868 3812 fic
923 3747 1216 3815 instituta
1260 3761 1407 3814 erat
1447 3749 1564 3815 illo
1598 3762 1923 3842 tempore.
1979 3749 2280 3840 primum
2326 3761 2458 3808 arx

380 3859 542 3917 tunc
585 3872 723 3915 non
765 3848 859 3916 ita
900 3847 1192 3918 habebat
1236 3864 1309 3918 ut
1347 3873 1530 3918 nunc
1574 3851 1780 3921 habet
1794 3878 1819 3938 3
1862 3874 2048 3920 nunc
2091 3848 2272 3917 enim
2319 3867 2457 3912 una
