2738 4600
1070 320 1564 418 TIMAEUS
1978 413 1987 428 ,
2245 363 2369 434 241

279 516 497 582 hebes
553 515 913 601 sensusque
959 527 1204 604 expers
1248 515 1442 602 fieret
1480 533 1763 609 propter
1810 528 2031 597 carnis
2075 533 2366 623 copiam.

280 622 596 685 carnosae
622 618 829 706 igitur
855 627 1138 683 naturae
1168 641 1303 684 non
1331 623 1690 690 exsiccatae
1718 629 2046 716 reliquiae
2073 641 2372 709 maiores

256 720 652 809 ‘superstites
691 724 1035 810 separatae
1080 724 1239 789 sunt
1267 755 1300 804 ‚>
1344 735 1539 812 quae'
1570 751 1745 795 nunc
1799 732 2116 803 dicuntur
2163 726 2362 811 c‘utis.

274 820 445 887 haec
482 835 714 889 autem
740 846 857 912 per
882 828 1243 893 humorem
1284 829 1641 896 cerebrum
1671 834 2260 911 circumfluentem
2280 847 2368 913 'in

215 967 222 972 ι
274 925 518 1012 seipsa
560 928 929 1000 coalescens
966 941 1037 993 et
1066 928 1497 998 circumcirca
1538 937 1882 1023 pullulans
1924 942 2370 1016 circumdedit

276 1038 517 1113 caput3
545 1027 795 1095 humor
817 1054 981 1096 vero
1013 1031 1134 1095 sub
1162 1034 1426 1101 suturas
1445 1038 1856 1107 adscendens
1875 1044 2183 1134 irrigavit
2215 1075 2367 1119 eam

279 1140 352 1193 et
384 1131 608 1195 claufit
633 1131 705 1196 in
738 1134 1063 1199 verticem
1093 1137 1281 1201 velut
1313 1138 1659 1211 vinculum
1692 1146 2124 1235 coniungens.
2171 1155 2369 1220 sutu-

274 1255 509 1298 rarum
543 1257 707 1301 vero
738 1236 987 1323 species
1019 1238 1382 1324 multiplex
1408 1244 1648 1309 exstitit
1690 1270 1814 1335 per
1857 1251 2265 1322 circuituum
2295 1271 2366 1325 et

274 1334 579 1401 alimenti
609 1336 791 1410 vim3
837 1337 1049 1424 magis
1081 1338 1264 1404 enim
1283 1340 1385 1404 his
1407 1342 1584 1409 inter
1610 1349 1676 1428 se
1701 1356 2179 1440 pugnantibus,
2202 1362 2368 1447 plu..

211 1490 217 1496 .
271 1457 405 1517 res,
447 1438 671 1503 minus
705 1459 897 1518 veru,
941 1441 1291 1523 pauciores
1322 1445 1686 1531 prodeunt.
1744 1452 1918 1523 hanc
1950 1482 2119 1525 vero
2143 1473 2366 1531 totam

271 1551 503 1605 cutem
549 1540 987 1614 circumcirca
1029 1542 1183 1629 igne
1210 1548 1615 1634 compunxit
1658 1551 1858 1636 deus,
1903 1580 2037 1643 qua
2078 1561 2375 1649 quidem'

268 1640 621 1729 perforata
654 1642 1050 1710 et.humore
1080 1646 1245 1712 foris
1275 1672 1402 1738 per
1449 1674 1599 1717 eam
1638 1653 1946 1722 effluente
1993 1662 2362 1736 humidum

271 1745 339 1809 et
366 1742 658 1808 calidum
702 1759 1032 1834 quantum
1077 1772 1325 1843 purum
1371 1753 1553 1835 abit,
1598 1757 1896 1825 mixtum
1924 1785 2090 1829 vero
2117 1791 2206 1833 ex
2244 1769 2404 1834 iis--x

269 1846 431 1911 dem
468 1869 505 1910 e
538 1846 781 1933 quibus
814 1849 1017 1916 etiam
1059 1852 1228 1918 cutis
1256 1866 1427 1929 erat,
1485 1856 1569 1921 ab
1613 1858 1976 1944 agitatione
2009 1864 2192 1934 foras
2222 1872 2364 1938 ela-

269 1960 421 2014 tum
496 1948 574 2014 in
607 1949 887 2039 longum
944 1956 1484 2049 extendebatur,
1540 1962 1945 2031 tenuitatem
2005 1973 2362 2057 aequalem

268 2051 528 2117 habens
599 2054 955 2141 punctioni
989 2103 1009 2137 ‚
1096 2070 1387 2145 propter
1459 2063 1842 2131 tarditatem
1924 2082 2157 2152 autem
2245 2099 2365 2141 re-

269 2154 541 2243 pulsum
580 2156 664 2220 ab
728 2157 887 2222 aere
945 2158 1364 2223 extrinsecus
1418 2162 1830 2236 circumfuso
1880 2174 2115 2239 rursus
2178 2175 2362 2243 intus

225 2314 230 2319 ,
266 2257 391 2322 sub
421 2270 646 2326 cutem
676 2260 1102 2329 constrictum
1136 2262 1394 2333 radices
1427 2264 1578 2352 egit.
1595 2279 1796 2354 atque
1820 2293 1907 2338 ex
1934 2273 2040 2340 his
2069 2276 2364 2345 affectio-

269 2361 471 2426 nibus
499 2364 903 2450 capillorum
931 2387 1141 2451 genus
1170 2367 1240 2430 iu
1271 2379 1428 2432 cute
1469 2370 1782 2450 effloruit,
1827 2389 2187 2461 cognatum
2221 2382 2365 2467 qui-

270 2464 427 2528 dem
458 2464 600 2530 eius
634 2467 885 2555 quippe
916 2467 1094 2553 quod
1121 2468 1256 2533 lori
1286 2466 1584 2535 formam
1616 2483 1683 2535 et
1697 2474 2208 2547 fimilitudinem
2235 2483 2365 2548 ha·-

269 2563 445 2644 beat‚
490 2565 728 2632 durius
757 2591 921 2634 vero
962 2592 1041 2635 ac
1070 2569 1330 2635 denfius
1360 2584 1638 2661 propter
1664 2575 2190 2664 refrigerationis
2217 2586 2364 2669 vim

272 2666 820 2742 contrahentem,
883 2693 1018 2755 qua
1065 2672 1410 2759 separatus
1462 2696 1504 2737 a
1551 2687 1708 2741 cute
1749 2678 2035 2765 quisque
2079 2687 2377 2774 capillus=

266 2768 713 2856 refrigeratus
741 2781 811 2834 et
836 2770 1221 2838 constrictus
1252 2775 1568 2861 obriguit.
1627 2775 1852 2864 itaque
1869 2781 2204 2854 hirsutum
2229 2812 2364 2854 no·-
2430 2820 2433 2830 ¹

262 2873 474 2941 strum
489 2867 786 2936 reddidit
800 2883 1002 2962 caput
1019 2874 1263 2969 opifer,
1280 2879 1484 2942 causis
1500 2875 1833 2946 adductus
1859 2882 1995 2951 iam
2024 2911 2363 2962 memora-

264 2975 354 3038 tis
388 2985 453 3038 et
481 2972 848 3039 arbitratus
876 2976 1095 3042 carnis
1122 2978 1273 3042 loco
1291 2975 1358 3041 id
1392 2989 1703 3066 oportere
1733 2988 1861 3051 effe
1893 2998 2365 3074 tegumentum

270 3076 530 3142 cerebri
560 3077 826 3143 tutandi
859 3080 1056 3144 causa
1078 3080 1232 3143 leve
1266 3089 1334 3145 et
1373 3081 1609 3147 aestate
1637 3085 2001 3176 hiemeque
2044 3093 2362 3160 umbram

269 3191 339 3245 et
395 3179 893 3266 operimentum
960 3181 1296 3267 praebens
1363 3185 1815 3273 sensuumque
1880 3192 2366 3280 perspicacitati

262 3281 536 3348 nullum
602 3280 904 3347 inferens
942 3281 1530 3372 impedimentum.
1615 3289 1823 3378 Quod
1866 3315 2025 3359 vero
2065 3297 2147 3360 ad
2195 3317 2366 3358 ner-

262 3382 376 3464 vi,
441 3382 616 3447 cutis
662 3396 730 3448 et
780 3386 929 3450 offis
970 3389 1515 3476 complexionem
1541 3393 1781 3458 attinet
1818 3394 1891 3460 in
1930 3395 2150 3478 digitis
2193 3416 2363 3459 con-

262 3485 606 3575 spicuam,
666 3488 1040 3555 commixta
1080 3514 1119 3553 e
1147 3492 1373 3561 tribus*
1407 3495 1856 3581 exficcataque
1884 3516 2017 3562 una
2047 3493 2364 3560 omnibus

264 3586 655 3654 communis
718 3590 973 3656 exstitit
1017 3592 1188 3659 dura
1240 3596 1452 3677 cutis,
1509 3619 1601 3662 ex
1644 3600 1850 3662 ca'ufis
1900 3594 2177 3683 quidem
2228 3592 2364 3660 illis

263 3688 743 3759 adiuvantibus
772 3695 965 3776 sacta,
1008 3718 1048 3761 a
1078 3708 1309 3762 mente
1333 3721 1500 3764 vero
1539 3719 1715 3784 quae
1745 3699 2059 3785 suprema
2086 3701 2174 3764 est
2193 3718 2363 3764 cau-

261 3794 336 3858 sa
393 3804 678 3880 propter
736 3817 817 3862 ea
865 3819 1053 3884 xquae
1098 3799 1174 3865 in
1229 3803 1574 3889 posterum
1631 3800 1865 3867 futura
1917 3806 2121 3867 effent
2185 3823 2364 3890 pro-

264 3907 529 3979 creata3
573 3895 941 3982 aliquando
976 3901 1162 3966 enim
1188 3924 1227 3965 e
1253 3901 1415 3969 viris
1451 3904 1771 3969 mulieres
1814 3913 2172 3990 ceteraque
2212 3906 2362 3971 ani-

264 3997 476 4063 malie
514 4000 872 4087 proditura
899 4006 1027 4069 esse
1064 4002 1362 4071 sciebant
1407 4005 1531 4092 qui
1577 4029 1698 4072 nos
1728 4005 2113 4086 finxerunt,
2158 4018 2364 4097 atque

155 4148 159 4153 .
267 4097 474 4164 etiam
506 4103 847 4188 unguium
878 4107 1080 4172 usum
1107 4109 1344 4177 multis
1380 4106 1833 4191 animantibus
1854 4112 2244 4301 ⁸rcriultasque
2272 4107 2361 4173 ad

359 4205 534 4268 Tom.
585 4206 666 4270 V.
857 4239 862 4245 ’
