2738 4600
1085 318 1599 389 TIMAEUS.
1793 346 1812 375 ι
2269 308 2390 397 '162
2433 282 2438 287 ’

307 502 467 568 dem
496 498 673 566 adiis
690 494 854 562 ortis
886 492 1290 571 tribuamus,
1334 513 1749 579 quamquam
1779 515 1906 559 nec
1928 493 2395 583 probabilibus
2431 486 2454 517 “”

302 602 677 669 rationibus
713 622 840 666 nec·-
867 596 1238 665 neeefl'ariis
1268 595 1684 685 argumentis
1704 619 1942 662 eorum
1974 599 2191 663 oratio
2214 624 2386 666 con-

295 704 647 784 firmatur,
708 705 854 783 sed,
900 700 1053 788 quia
1085 701 1171 765 de
1216 698 1350 762 suis
1386 698 1675 787 propriis
1722 699 1924 765 rebus
1960 724 2119 787 prae
2161 702 2380 779 sefe-

284 821 451 874 runt
501 811 930 886 renunciare,
957 805 1120 890 ‚legi
1165 801 1707 888 obtemperantes
1738 799 1944 865 fidem
1981 826 2099 869 nos
2129 805 2383 872 habere
2451 880 2457 887 ¹

284 890 585 995 oportet.
642 912 725 974 fic
764 909 1005 995 igitur,
1051 919 1126 971 ut
1165 905 1250 972 ab
1285 905 1366 968 iis
1405 904 1734 969 traditum
1761 905 1848 977 est
1862 953 1883 984 ,
1932 904 2178 971 horum
2212 911 2381 972 deo-

280 1032 453 1076 rum
502 1025 683 1077 ortus
733 1015 800 1077 se
841 1011 1089 1077 habeat
1142 1019 1342 1092 atque
1382 1007 1670 1072 dicatur.
1761 1006 2019 1072 Terrae
2062 1009 2378 1096 Cat-lique

282 1114 487 1180 liberi
517 1115 659 1181 sunt
695 1118 1001 1181 Oceanus
1034 1120 1113 1176 et·
1132 1111 1421 1196 Tethye,
1466 1110 1711 1181 horum
1750 1109 2082 1198 PhorcyS,
2131 1110 2379 1179 Satur—

284 1239 422 1282 nus
449 1229 512 1283 et
536 1219 729 1285 Rhea
757 1230 822 1282 et
853 1206 1261 1302 quicumque
1287 1237 1444 1279 cum
1477 1212 1614 1291 his,
1664 1236 1702 1277 e
1730 1211 2028 1284 Saturno
2073 1226 2139 1277 et
2186 1215 2375 1284 Rhea

278 1320 428 1385 nati
471 1321 628 1384 sunt
652 1320 961 1407 Iuppiter
979 1365 1002 1397 ,
1050 1322 1221 1381 Iuno
1268 1336 1636 1401 omnesque
1660 1336 1828 1400 quos
1855 1316 2099 1381 scimus
2132 1341 2373 1385 eorum

274 1411 524 1487 fratres
551 1419 903 1509 appellari,
947 1419 1239 1502 aliosque
1275 1415 1622 1504 praeterea
1650 1416 1733 1481 ab
1767 1416 1869 1481 his
1893 1420 2237 1489 oriundos,

455 1525 695 1612 Quum
737 1522 945 1606 igitur
981 1542 1213 1584 omnes
1256 1519 1375 1606 qui
1411 1521 1636 1606 palam
1681 1521 2050 1588 volvuntur
2080 1525 2151 1589 in
2181 1526 2369 1591 caelo

263 1636 346 1693 et
379 1625 499 1709 qui
541 1637 820 1688 eatenus
854 1623 926 1689 in
964 1625 1389 1709 conspectum
1426 1624 1492 1687 se
1515 1624 1680 1688 dant
1718 1625 1935 1708 quoad
1967 1626 2089 1710 ipfi
2128 1628 2369 1694 volunt

268 1727 398 1799 dii,
414 1728 625 1795 creati
638 1726 869 1800 estem,
887 1726 939 1790 is
953 1725 1070 1809 qui
1085 1724 1292 1789 hocce
1313 1723 1471 1789 univ
1481 1728 1700 1789 ersum
1718 1727 1946 1811 genuit
1969 1727 2133 1791 haec
2152 1729 2233 1791 ad
2254 1752 2368 1793 eos

265 1829 470 1895 {atur
494 1855 513 1893 ε
557 1830 670 1895 Dii
696 1850 735 1892 a
766 1828 896 1892 diis
927 1827 1093 1891 ortiz
1140 1849 1430 1913 quorum
1466 1848 1587 1912 ego
1616 1850 1901 1914 operum
1930 1823 2224 1909 effector„
2241 1849 2370 1914 pa·-

265 1952 592 2015 rensque‚
636 1931 804 1995 haec
833 1931 987 1996 sunt
1012 1927 1493 2011 indissolubilia
1520 1952 1628 1993 me
1652 1929 1891 2015 invito.
1943 1928 2189 1994 etenim
2210 1954 2366 1997 om-

265 2054 367 2099 ne
414 2033 685 2117 quidem
716 2033 1101 2118 colligatum
1149 2035 1238 2096 est
1274 2031 1693 2109 dissolubile,
1731 2032 2075 2118 praeclare
2132 2044 2366 2099 tamen

270 2137 711 2220 compofitum
744 2133 1043 2221 beneque
1071 2137 1496 2201 constitutum
1536 2136 1708 2200 velle
1737 2134 2095 2201 dissolvere
2133 2134 2361 2200 haud-

265 2250 611 2324 quaquam
650 2235 806 2300 boni
834 2236 939 2303 est.
989 2248 1405 2328 quapropter
1421 2260 1539 2303 vos
1562 2259 1850 2324 quoque,
1875 2238 2196 2324 quoniam
2236 2262 2356 2305 or..

262 2340 318 2403 ti
353 2339 514 2414 estis,
559 2337 980 2404 immortales
1016 2342 1285 2425 quidem
1324 2365 1464 2407 non
1496 2341 1639 2404 estis
1669 2362 1893 2423 neque
1921 2340 2358 2406 indissolubi-

262 2438 365 2505 les
407 2438 730 2515 funditus.
778 2442 1170 2527 neutiquam
1192 2457 1422 2509 tamen
1442 2440 1901 2507 dissolvemini
1923 2427 2149 2527 neque
2165 2467 2359 2507 mor-

262 2543 354 2607 tis
384 2541 524 2608 fata
569 2545 758 2609 vobis
790 2544 1176 2630 obtingent‚
1223 2547 1472 2634 quippe
1503 2544 1918 2609 voluntatem
1952 2566 2174 2609 meam
2203 2568 2357 2611 ma-

260 2646 377 2709 ius
437 2646 636 2710 etiam
698 2648 1049 2712 vinculum
1095 2659 1296 2731 atque
1351 2646 1682 2711 valentius
1729 2646 1938 2710 nactis
1982 2670 2187 2733 quam
2225 2650 2356 2720 ,illa
2417 2719 2422 2724 ,

260 2747 519 2835 quibua
562 2750 705 2814 estis
737 2761 882 2813 tum
911 2770 1120 2833 quum
1155 2747 1609 2834 gignebamini
1652 2747 1962 2834 colligati.
2013 2772 2196 2814 nune
2231 2735 2355 2838 igi-

220 2887 225 2890 Δ
265 2861 383 2915 tur
434 2851 598 2936 qui'd
651 2852 866 2916 dicam
914 2848 1105 2924 vobis
1149 2872 1230 2914 ae
1273 2848 1606 2914 declarem
1650 2851 1993 2938 percipite.
2038 2857 2353 2924 mortalia.

262 2952 492 3018 adhue
535 2976 782 3040 genera
822 2953 1084 3039 reliqua
1128 2955 1283 3017 sunt
1307 2952 1439 3016 tria
1467 2954 1772 3019 nondum
1807 2966 2077 3035 creata„
2108 2959 2350 3043 quibus

263 3075 409 3124 non
436 3058 768 3143 generatis
799 3057 1060 3122 caelum
1092 3079 1228 3120 non
1271 3055 1398 3121 erit
1427 3054 1853 3141 perfectum3
1902 3060 2129 3123 omnia
2165 3061 2351 3125 enim

260 3178 511 3243 genera
544 3158 936 3228 animalium·
982 3160 1417 3245 complexum
1445 3180 1586 3223 non
1612 3159 1904 3233 tenebit3
1948 3172 2178 3226 teneat
2218 3185 2350 3226 au*

260 3271 404 3325 tem
431 3273 736 3350 oportet,
781 3263 829 3325 fi
880 3263 1036 3327 satis
1086 3262 1399 3326 futurum
1443 3263 1531 3325 est
1580 3260 1957 3342 absolutum
2002 3275 2072 3327 et
2113 3263 2348 3349 perfe-

258 3373 496 3437 etum3'
546 3386 588 3427 a
614 3386 726 3428 me
768 3377 997 3430 autem
1036 3366 1204 3429 haec
1242 3362 1474 3428 effecta
1519 3349 1870 3449 vitamque
1899 3367 2136 3452 adepta
2183 3364 2345 3426 deoa

260 3462 816 3549 aequiparabunt.
871 3468 1178 3553 utigitur
1219 3466 1535 3531 mortalia
1574 3480 1986 3550 generentur
2029 3475 2097 3526 et
2134 3464 2346 3527 haec-

263 3588 340 3631 ce
386 3564 777 3633 universitas
811 3563 983 3654 ‚vt-re
1026 3570 1101 3635 fit
1138 3559 1485 3647 universa,
1532 3568 1912 3639 convertite
1946 3587 2059 3629 vos
2090 3586 2172 3628 ex
2202 3564 2345 3650 ipsa

259 3680 546 3733 naturae
591 3670 849 3735 ratione
899 3670 982 3736 ad
1011 3671 1458 3735 animantium
1494 3668 2016 3756 confectionem,
2059 3664 2345 3729 imitan-

261 3779 361 3835 tes
402 3770 542 3835 vim
582 3794 805 3837 meam
847 3795 983 3859 qua
1030 3773 1104 3838 in
1146 3776 1363 3838 vestro
1408 3784 1561 3836 ortu
1608 3772 1763 3835 usus
1795 3770 1964 3832 sum.
2026 3777 2092 3830 et
2122 3757 2348 3852 quodss

260 3886 555 3957 cumque
586 3896 823 3939 eorum
854 3875 1335 3941 immortalium
1371 3874 1552 3959 quafi
1574 3869 1818 3957 gentile
1849 3867 1976 3933 effe
2008 3867 2228 3945 debet,
2268 3884 2345 3939 ut

258 3970 568 4038 divinum
591 3978 970 4063 appelletur
998 3989 1353 4061 teneatque
1378 3970 1826 4039 animantium
1861 3969 2343 4060 principatum,

253 4074 513 4162 quippe
541 4100 632 4142 ex
661 4079 936 4147 illorum
981 4102 1272 4149 numero
1302 4076 1421 4166 qui
1448 4076 1712 4167 [emper
1738 4072 2021 4143 iustitiae
2050 4101 2127 4145 ac
2155 4073 2343 4143 vobis

346 4180 522 4252 Tom.
572 4178 652 4255 V,
862 4172 871 4181 ⁶
1855 4177 1915 4253 L
