2738 4600
968 418 977 425 ‚
1038 344 1528 417 TIMAEUS.
2003 414 2010 419 ,
2211 350 2334 418 165

255 544 398 609 que
438 527 940 587 convertentem
981 522 1120 582 non
1167 518 1355 607 prius
1394 518 1737 586 malorum
1779 521 2147 588 terminum
2202 522 2332 586 effe

218 641 223 645 ·
257 623 775 709 adspecturum,⁴
823 641 1023 704 quam
1070 620 1374 686 eiusdem
1414 633 1480 686 et
1506 619 2227 691 similis-circuitumiin
2264 624 2332 695 [e

258 725 398 812 ipse
436 725 761 807 sequutus
810 722 1066 810 copiam
1103 722 1453 810 ingentem
1498 726 1840 812 seriusque
1876 726 2189 809 adnatam
2238 747 2331 790 ex

257 827 457 914 igne,
505 847 712 911 aqua,
757 824 913 889 ae‘re
955 837 1159 913 atque
1208 838 1426 909 terra,
1471 826 1929 893 turbulentam
1958 839 2026 891 et.
2052 824 2332 892 rationis

259 920 636 1016 expertem,
679 926 932 993 ratione
969 927 1329 1015 superaffet
1356 944 1422 996 et
1463 931 1546 999 ad
1581 932 1782 1014 primi
1811 929 2180 1019 optimique
2203 930 2332 995 ha-

255 1033 444 1097 bitus
483 1029 760 1116 speciem
796 1030 1219 1116 perveniffet.
1310 1033 1505 1122 Quae
1539 1034 1816 1120 quidem
1849 1030 2081 1099 omnia
2124 1051 2331 1115 quum

261 1134 359 1199 eis
386 1134 799 1218 designasset,
856 1154 945 1196 ne
986 1135 1281 1219 posterae
1310 1137 1642 1227 cuiusque
1685 1136 2031 1225 pravitatis
2061 1132 2333 1219 culpam

260 1236 633 1311 sustineret,
680 1231 1108 1317 alios·spa1·fi‘t
1133 1234 1206 1310 in
1232 1250 1486 1307 terram
1506 1288 1525 1321 ‚
1569 1240 1732 1306 alios
1763 1241 1835 1305 in
1867 1241 2128 1317 lunam,
2174 1233 2336 1299 alios

256 1340 327 1403 in
354 1337 613 1422 reliqua
642 1347 976 1421 quotquot
1002 1338 1163 1400 sunt>
1198 1341 1519 1429 temporis
1548 1343 2002 1428 instrumenta.
2051 1340 2191 1429 post
2221 1339 2335 1402 sa·-

255 1446 508 1506 tionem
563 1451 790 1503 autem
836 1437 1316 1506 recentioribus
1367 1444 1725 1510 mandavit
1763 1445 1884 1510 diis
1926 1456 2006 1509 ut
2050 1459 2335 1529 corpora

257 1543 661 1629 effingerent
703 1538 1010 1603 mortalia
1030 1586 1050 1620 ‚
1126 1557 1590 1632 quantumque
1645 1548 1800 1611 effet
1849 1546 2190 1633 reliquum
2248 1563 2334 1607 ex

253 1648 488 1710 animo
520 1643 823 1706 humano
863 1641 1041 1725 quod
1077 1643 1346 1713 deberet
1392 1648 1709 1713 accedere
1745 1649 1811 1713 id
1842 1651 2205 1732 omniaque
2228 1643 2335 1709 his

259 1744 739 1829 consequentia
779 1742 1189 1813 conficerent
1231 1761 1436 1834 atque
1464 1764 1810 1835 regerent,
1857 1762 1925 1814 et
1951 1770 2153 1836 quam
2178 1745 2339 1832 pos·

256 1852 410 1915 sent
453 1846 916 1936 pulcherrime
962 1859 1032 1912 et
1073 1849 1326 1935 optime
1371 1853 1660 1916 mortale
1696 1852 2164 1936 gubernarent.-
2193 1844 2340 1933 ani-

256 1955 419 2033 mal,
466 1952 586 2016 nifi
619 1961 945 2035 quatenus
980 1950 1095 2014 sua
1129 1951 1349 2039 ipsum
1380 1954 1578 2041 culpa
1607 1955 1788 2019 mala
1815 1952 1930 2018 fibi
1959 1959 2360 2036 quaereret..

432 2053 655 2140 Atque
682 2051 741 2115 is
773 2053 1046 2139 quidem
1090 2054 1207 2140 qui
1246 2067 1487 2120 cuncta
1520 2055 1684 2118 haec
1710 2055 2086 2141 composuit
2116 2051 2187 2116 in
2228 2052 2341 2116 so-

258 2158 385 2225 lito
416 2158 532 2221 suo
562 2154 878 2239 manebat
908 2157 1068 2220 statu
1087 2203 1107 2233 ,
1164 2157 1296 2225 hoc
1339 2168 1566 2222 autem
1598 2167 1917 2223 manente
1946 2156 2030 2221 ab
2059 2178 2138 2219 eo
2170 2174 2343 2241 pro-³

197 2279 207 2289 ·
260 2258 503 2339 creati,
553 2278 761 2345 quum
802 2260 1100 2348 parentis
1136 2259 1443 2326 ordinem
1493 2258 1975 2345 cognoviffent‚
2018 2255 2339 2323 huuc‘se-

261 2361 664 2451 quebantur.
721 2362 951 2449 itaque
992 2384 1200 2448 quum
1228 2362 1622 2450 accepissent
1662 2361 2048 2428 immortale
2075 2356 2341 2444 princi·-

262 2467 448 2555 pium
480 2464 777 2530 mortalis
811 2464 1190 2546 animantiS,
1231 2463 1573 2532 imitantes
1603 2463 1988 2531 effectorem
2018 2460 2148 2541 sui,
2186 2481 2341 2547 par-

265 2569 502 2634 ticulas
515 2567 687 2649 ignis
702 2579 770 2629 et
785 2580 1008 2632 terrae
1025 2578 1092 2631 et
1105 2589 1319 2653 aquae
1336 2578 1404 2629 et
1415 2565 1586 2631 aiiris
1605 2588 1646 2632 a
1661 2566 1917 2631 mundo
1934 2586 2095 2651 quas
2109 2562 2340 2628 rursus

260 2670 632 2737 redderent
659 2669 1142 2734 mutuabantur
1175 2688 1419 2751 easque
1453 2668 1628 2748 inter
1664 2668 1731 2731 se
1773 2664 2343 2753 conglutinabant‚

184 2820 199 2844 ,
263 2770 452 2839 haud
485 2767 1047 2834 indissolubilibus
1081 2767 1321 2852 quibus
1349 2769 1470 2854 ipfi
1502 2781 1690 2833 erant
1720 2766 2009 2856 colligati
2037 2762 2344 2842 vinculi-⁰„

267 2872 378 2939 sed
424 2869 668 2935 talibus
709 2891 883 2954 quae
915 2870 1102 2936 cerni
1145 2892 1285 2934 non
1311 2875 1565 2956 poffent
1602 2884 1885 2960 propter
1913 2868 2340 2961 parvitatem,
2411 2894 2416 2900 ·

269 2974 519 3042 crebris
539 2974 834 3037 cuneolis
852 2973 948 3039 ita
967 2970 1330 3044 conflantes
1352 2985 1432 3037 ut
1449 2995 1661 3039 unum
1684 2997 1768 3040 ex
1798 2971 2110 3042 omnibus
2127 2964 2343 3051 quod-

268 3098 399 3162 que
428 3097 670 3163 corpus
681 3073 1453 3148 efficerent,immortalis
1470 3076 1679 3141 animi
1703 3076 1994 3142 ambitus
2007 3073 2080 3137 in
2099 3088 2345 3156 corpus
2423 3069 2426 3072 ’

268 3176 820 3262 illigabantrebus
835 3176 1282 3242 influentibus
1313 3189 1382 3241 et
1403 3177 1831 3244 effluentibus
1856 3175 2203 3265 agitatum.
2245 3166 2347 3234 illi

267 3304 435 3346 vero
472 3280 545 3344 in
576 3279 833 3344 flumen
862 3279 1151 3346 immersi
1178 3302 1500 3365 magnum
1535 3302 1760 3366 neque
1789 3277 2194 3367 superabant
2218 3294 2350 3336 ne-

268 3404 407 3468 que
451 3382 979 3469 superabantur,
1037 3382 1144 3447 sed
1193 3382 1265 3446 vi
1306 3385 1553 3466 mag'na
1591 3393 1742 3447 tum
1769 3382 2162 3450 ferebantur
2198 3384 2346 3436 tum

268 3482 630 3552 ferebantz·
657 3482 748 3548 ita
780 3494 997 3549 totum
1033 3485 1280 3550 animal
1312 3482 1888 3552 movebaturillud
1919 3480 2210 3567 quidem,
2234 3471 2347 3537 sed

269 3585 723 3658 immoderate
770 3606 1194 3671 quocumque
1253 3584 1397 3652 fors
1437 3586 1699 3652 ferebat
1745 3599 1822 3651 set
1876 3587 2009 3649 fine
2061 3578 2344 3651 ratione,

272 3710 511 3757 omnes
545 3688 663 3751 sex
701 3699 924 3754 motus
953 3689 1206 3755 habens
1224 3713 1247 3771 3
1290 3712 1450 3756 nam
1481 3700 1548 3753 et
1576 3700 1729 3756 ante
1758 3699 1824 3752 et
1851 3707 2048 3775 ponc,
2085 3681 2165 3743 ad
2198 3678 2349 3743 dex·

271 3804 445 3858 tram
463 3801 528 3855 et
541 3788 625 3854 ad
643 3789 923 3870 laevam,
953 3804 1018 3857 et
1034 3795 1067 3855 s
1067 3796 1296 3858 ursum
1314 3805 1381 3858 et
1396 3792 1709 3863 deorsum
1726 3806 2090 3872 omnesque
2104 3782 2172 3847 in
2188 3806 2350 3872 par-

271 3907 372 3960 tes
403 3896 517 3959 sex
548 3892 679 3961 iltis
713 3893 930 3960 modis
959 3895 1269 3981 vagantia
1296 3891 1776 3983 procedebant.
1837 3886 2145 3975 quamvis
2172 3887 2355 3953 enim

272 3999 503 4084 largus
532 3999 687 4064 esset
712 3996 959 4065 fluctus
984 3998 1322 4064 inundans
1353 4010 1424 4062 et
1451 3993 1761 4077 effluens,
1806 3992 1921 4079 qui
1952 3991 2354 4060 alimentum
