2738 4600
1128 330 1640 401 TIMAEUS.
2292 334 2423 401 205

330 513 629 584 carentia
664 532 914 599 genera
947 509 1179 587 edunt,
1226 521 1372 577 tum
1403 521 1723 611 quattuor
1744 509 2040 601 species'
2019 531 2248 599 igneas
2266 531 2418 576 eas·-

330 643 463 707 que
495 619 799 685 maxime
828 615 1222 703 conspicuas
1248 635 1418 703 quae
1455 616 1735 682 nomina
1759 609 2189 694 invenerunt,
2215 627 2306 680 et
2334 629 2418 680 ea

329 722 604 807 ‘quidem
638 742 817 805 quae
848 721 1151 785 an‘imum
1187 732 1250 785 et
1291 744 1530 809 corpus
1563 719 1886 799 calefacit,
1917 718 2149 784 vinum
2175 717 2416 808 appel-

326 828 463 892 lata
499 826 624 906 est,
654 822 825 889 lenis
856 844 1020 887 vero
1053 829 1224 907 quae
1231 822 1455 889 visum
1486 823 1806 888 discernit
1831 820 2112 912 eamque
2141 819 2230 884 ob
2244 841 2419 884 cau-

329 927 472 994 sam
509 928 821 1015 adspectu
857 924 1236 1014 splendida,
1280 927 1512 992 lucens
1547 937 1616 990 et
1644 924 1859 991 nitida
1903 935 2188 1011 apparet
2223 921 2415 986 olea-

327 1033 514 1100 rium
544 1053 780 1131 genusg
816 1029 943 1117 Pix
971 1040 1037 1094 et
1054 1028 1343 1095 cicinum
1377 1031 1553 1114 quod
1578 1017 1834 1095 ‘dicitur
1857 1042 1926 1093 ct
1942 1025 2166 1092 oleum
2189 1025 2417 1113 ipsum

331 1148 400 1201 et
432 1140 901 1219 quaecumque!
923 1133 1055 1199 alia
1069 1132 1372 1198 eiusdem
1390 1131 1763 1213 facultatis3
1801 1148 2267 1243 quaecumque
2289 1147 2413 1192 au-

319 1250 468 1305 tem
506 1229 923 1303 diffundendi
967 1237 1104 1299 vim
1152 1236 1355 1301 habet
1394 1258 1606 1323 usque
1637 1235 1718 1301 ad
1755 1235 2076 1303 coitiones
2103 1230 2283 1299 circa
2317 1251 2414 1310 os,

328 1330 455 1408 hac
511 1338 832 1414 facultate
878 1337 1306 1403 dulcedinem
1354 1338 1688 1426 piaebens
1743 1337 2055 1425 generale
2109 1333 2416 1399 maxime

330 1462 582 1509 nomen
614 1441 829 1508 mellis
856 1439 1091 1504 habet·
1072 1442 1294 1528 ‚quod
1331 1465 1494 1507 vero
1517 1464 1791 1508 carnem
1823 1438 2128 1507 dissolvit
2147 1435 2412 1503 urendo

330 1545 720 1635 spumosum
749 1565 999 1631 genus,
1048 1542 1131 1607 ab
1163 1542 1480 1609 omnibus
1512 1544 1895 1634 separatum
1925 1541 2156 1615 succis,
2184 1540 2417 1666 liquor

329 1650 717 1739 appellatur
746 1645 863 1731 qui
895 1638 1061 1725 ὁπός
1091 1668 1329 1733 graece
1359 1646 1633 1714 dicitur.

509 1752 609 1815 De
641 1761 825 1813 terra
859 1748 1118 1825 formis,
1165 1773 1244 1816 ea
1270 1773 1457 1836 quae
1475 1774 1597 1841 per
1629 1772 1872 1840 aquam
1903 1748 2098 1815 stillat
2112 1746 2241 1813 hoc
2260 1766 2416 1812 mo-

333 1856 422 1921 do
443 1852 522 1917 fit
550 1852 1175 1946 corpuslapideuxm.
1193 1876 1367 1941 aqua
1401 1866 1772 1943 compacta,
1792 1875 2004 1940 quum
2021 1852 2092 1918 in
2111 1849 2418 1939 permix-

332 1959 521 2022 tione
576 1954 919 2044 pulsatur,
963 1955 1206 2021 transit
1252 1956 1323 2021 in
1364 1955 1540 2022 aeris
1576 1956 1888 2045 speciem,
1932 1966 2001 2022 et
2043 1952 2158 2017 ae'r
2202 1956 2417 2036 quum

328 2060 549 2126 iactus
576 2060 694 2136 est,
742 2058 1047 2123 suumin
1078 2058 1305 2123 locum
1334 2060 1642 2125 recurrit.
1703 2056 1877 2123 nihil
1906 2069 2129 2123 autem
2173 2075 2417 2122 eorum

332 2182 621 2226 vacuum
654 2163 895 2235 exstat3
939 2163 1255 2247 quocirca
1281 2162 1514 2229 a‘e‘rem
1544 2161 1845 2228 vicinum
1880 2160 2108 2249 penny
2141 2157 2256 2221 hic
2284 2177 2417 2221 au-

332 2277 498 2348 tem,
545 2263 699 2351 quia
730 2263 954 2349 gravis
982 2267 1089 2341 est,
1135 2264 1363 2352 pulsus
1393 2277 1460 2330 et
1487 2255 1933 2333 circumfusus
1958 2287 1997 2330 a
2021 2273 2242 2328 terrae
2261 2280 2417 2324 mo-

330 2369 397 2435 le
431 2368 867 2432 vehementer
895 2368 1283 2453 constringit
1320 2379 1387 2434 et
1416 2369 1764 2435 contrudit
1793 2390 1943 2432 cam
1977 2366 2043 2430 in
2082 2365 2262 2426 sedes
2280 2381 2419 2425 un-

333 2470 418 2535 de
449 2470 807 2535 adscendei
810 2481 878 2534 at
906 2494 1123 2536 novus
1159 2473 1294 2538 ειὸέι·.Ι
1338 2471 1680 2560 compulsa
1711 2482 1936 2534 autem
1965 2466 2050 2532 ab
2082 2464 2238 2530 aete
2270 2475 2420 2526 ter-

332 2594 410 2637 ra
447 2570 540 2635 ita
588 2581 665 2636 ut
705 2571 789 2636 ab
833 2593 1007 2656 aqua
1052 2572 1321 2639 dissolvi
1362 2584 1652 2661 nequeat
1679 2571 1919 2637 exfistit
1949 2566 2420 2652 saxum,idque

329 2672 683 2762 pulchrius
735 2675 778 2738 fi
825 2675 1271 2762 pellucidum
1266 2678 1371 2741 est
1408 2688 1476 2741 et
1520 2697 1713 2764 pares
1768 2675 2248 2793 aequalesque
2256 2681 2425 2761 par-2-

331 2789 433 2842 tes
476 2775 711 2858 habet,
770 2775 1037 2863 turpius
1070 2777 1119 2840 fi
1134 2788 1401 2844 contra.
1462 2780 1729 2865 quando
1762 2802 1925 2845 vero
1971 2776 2054 2845 ab
2093 2776 2273 2863 ignis
2303 2799 2420 2840 ce·-

333 2878 599 2947 lerilate
630 2900 832 2944 omne
860 2879 1223 2947 humidum
1254 2883 1569 2948 aufertur
1584 2880 2004 2970 rigidiusque
2030 2876 2418 2954 concrescit,

337 2984 576 3048 extistit
599 2980 666 3046 id
696 3002 903 3068 genus
919 2981 1025 3046 cui
1044 2980 1296 3050 n'omen
1322 2985 1736 3074 imponimus
1754 2986 2045 3072 argillae.
2063 3003 2421 3051 nonnum·-

336 3106 540 3172 quam
572 3107 739 3148 vero
769 3084 1058 3151 humore
1094 3087 1328 3153 relicto
1350 3099 1535 3154 terra
1566 3112 1697 3178 per
1725 3089 1950 3175 ign'em
1983 3086 2187 3153 fusilis
2216 3085 2420 3167 facta5

336 3210 545 3275 quum
576 3186 976 3273 refrigerata
1009 3191 1118 3264 est,
1162 3190 1333 3276 lapis
1364 3190 1903 3280 exfistit'nigrum
1932 3192 2232 3258 'colorem
2292 3185 2423 3251 ha·-

331 3288 522 3357 bens.
568 3284 652 3355 de
679 3288 760 3355 iis
788 3314 996 3378 porro
1014 3314 1184 3378 quae
1199 3292 1567 3360 secundum
1597 3296 1830 3361 eadem
1850 3295 2012 3361 haec
2040 3317 2079 3358 e
2105 3288 2423 3379 permixs-

333 3394 526 3459 tione
565 3415 605 3458 a
646 3394 861 3459 multa
908 3398 1079 3481 aqua
1120 3393 1604 3473 destituuntur,
1664 3420 1748 3463 ex
1787 3394 2207 3481 tenuioribus
2250 3400 2422 3456 vero

336 3508 559 3563 terrae
587 3495 890 3584 partibus
920 3497 1219 3562 constant
1247 3499 1503 3564 ‹et-salsa
1534 3499 1710 3582 sunt,
1757 3496 1968 3586 quu‘m
2000 3498 2081 3564 ad
2113 3486 2425 3563 dimidias

334 3609 837 3668 concreverunt
865 3600 1233 3684 rursusque
1267 3601 1529 3666 dissolvi
1558 3604 1817 3690 poss'unt
1844 3600 1928 3666 ab
1961 3623 2156 3687 aqua,
2202 3601 2425 3661 unum

332 3725 547 3789 genus
590 3702 718 3767 olei
766 3715 832 3768 et
860 3716 1082 3767 terrae
1121 3705 1514 3791 purgandae
1555 3706 1695 3769 vim
1734 3702 1988 3769 habens
2025 3706 2283 3783 nitrum
2310 3702 2428 3771 faz-

335 3805 520 3871 c'tuni
541 3807 649 3882 est,
670 3815 736 3867 et
764 3805 1078 3888 alterum,
1098 3808 1276 3891 quod
1294 3808 1362 3873 in
1391 3806 1987 3874 communitatibus
2007 3811 2088 3874 ad
2109 3807 2243 3875 oris
2267 3810 2430 3873 sen-

335 3906 482 3972 sum
516 3908 963 3994 spectantibus
993 3921 1229 3997 aptum
1263 3910 1804 3996 concinnumque
1831 3910 1899 3991 se
1930 3912 2227 3995 praebet,
2274 3896 2429 3981 salis

339 4008 585 4075 exstitit
631 4033 668 4073 e
704 4011 864 4096 legis
903 4014 1165 4080 ratione
1208 4013 1334 4077 deo
1379 4034 1629 4101 carum'
1663 4034 1927 4098 corpus.
2018 4012 2431 4080 Communia

335 4132 503 4175 vero
547 4133 635 4176 ex
676 4114 976 4201 utrisque
1020 4114 1104 4179 ab
1135 4136 1309 4200 aqua
1339 4112 1609 4200 quidem
1656 4115 1919 4181 dissolvi
1961 4140 2101 4183 non
2144 4121 2430 4206 possunt)

339 4211 426 4281 ab
469 4211 626 4304 igne
673 4227 904 4289 autem
934 4215 1111 4284 hanc
1144 4217 1231 4283 ob
1262 4218 1530 4310 causam
1558 4218 1650 4283 ita
1676 4219 2226 4308 compinguntur.
2287 4228 2434 4281 ter-
