<?xml version="1.0" encoding="UTF-8"?>
<!DOCTYPE html PUBLIC "-//W3C//DTD XHTML 1.0 Transitional//EN"
    "http://www.w3.org/TR/xhtml1/DTD/xhtml1-transitional.dtd">
<html xmlns="http://www.w3.org/1999/xhtml" xml:lang="en" lang="en">
 <head>
  <title>
</title>
<meta http-equiv="Content-Type" content="text/html;charset=utf-8" />
  <meta name='ocr-system' content='tesseract 3.04.00' />
  <meta name='ocr-capabilities' content='ocr_page ocr_carea ocr_par ocr_line ocrx_word'/>
</head>
<body>
  <div class='ocr_page' id='page_1' title='image "./platonisquaeexs00astgoog_0089.png"; bbox 0 0 2738 4600; ppageno 0'>
   <div class='ocr_carea' id='block_1_1' title="bbox 988 365 2351 458">
    <p class='ocr_par' dir='ltr' id='par_1_1' title="bbox 988 365 2351 458">
     <span class='ocr_line' id='line_1_1' title="bbox 988 365 2351 458; baseline 0.02 -27"><span class='ocrx_word' id='word_1_1' title='bbox 988 365 1471 440; x_wconf 80' lang='lat' dir='ltr'>,POLITIA</span> <span class='ocrx_word' id='word_1_2' title='bbox 1525 372 1611 443; x_wconf 86' lang='grc' dir='ltr'><strong>Χ.</strong></span> <span class='ocrx_word' id='word_1_3' title='bbox 2270 389 2351 458; x_wconf 83' lang='grc'><strong>81</strong></span> 
     </span>
    </p>
   </div>
   <div class='ocr_carea' id='block_1_2' title="bbox 258 526 2352 943">
    <p class='ocr_par' dir='ltr' id='par_1_2' title="bbox 258 526 2352 943">
     <span class='ocr_line' id='line_1_2' title="bbox 267 526 2352 638; baseline 0.01 -32"><span class='ocrx_word' id='word_1_4' title='bbox 267 539 722 606; x_wconf 75' lang='lat' dir='ltr'><strong>immortalem</strong></span> <span class='ocrx_word' id='word_1_5' title='bbox 762 541 891 605; x_wconf 80' lang='lat' dir='ltr'><strong>effe</strong></span> <span class='ocrx_word' id='word_1_6' title='bbox 934 538 1238 606; x_wconf 86' lang='lat' dir='ltr'><strong>animum</strong></span> <span class='ocrx_word' id='word_1_7' title='bbox 1284 547 1578 610; x_wconf 86' lang='lat' dir='ltr'><strong>nostrum</strong></span> <span class='ocrx_word' id='word_1_8' title='bbox 1606 568 1730 612; x_wconf 87' lang='lat' dir='ltr'><strong>nec</strong></span> <span class='ocrx_word' id='word_1_9' title='bbox 1771 526 2103 638; x_wconf 33' lang='lat' dir='ltr'><strong>umquam·</strong></span> <span class='ocrx_word' id='word_1_10' title='bbox 2130 556 2352 626; x_wconf 85' lang='lat' dir='ltr'><strong>inter-</strong></span> 
     </span>
     <span class='ocr_line' id='line_1_3' title="bbox 266 640 2349 746; baseline 0.008 -36"><span class='ocrx_word' id='word_1_11' title='bbox 266 644 410 710; x_wconf 74' lang='lat' dir='ltr'><strong>ire?</strong></span> <span class='ocrx_word' id='word_1_12' title='bbox 455 645 631 710; x_wconf 88' lang='lat' dir='ltr'><strong>Tum</strong></span> <span class='ocrx_word' id='word_1_13' title='bbox 661 642 777 706; x_wconf 89' lang='lat' dir='ltr'><strong>ille</strong></span> <span class='ocrx_word' id='word_1_14' title='bbox 801 642 871 705; x_wconf 88' lang='lat' dir='ltr'><strong>i&#39;n</strong></span> <span class='ocrx_word' id='word_1_15' title='bbox 896 664 1009 706; x_wconf 88' lang='lat' dir='ltr'><strong>me</strong></span> <span class='ocrx_word' id='word_1_16' title='bbox 1026 640 1304 708; x_wconf 84' lang='lat' dir='ltr'><strong>intuens</strong></span> <span class='ocrx_word' id='word_1_17' title='bbox 1337 658 1406 709; x_wconf 84' lang='lat' dir='ltr'><strong>et</strong></span> <span class='ocrx_word' id='word_1_18' title='bbox 1445 647 1787 713; x_wconf 80' lang='lat' dir='ltr'><strong>admirans</strong></span> <span class='ocrx_word' id='word_1_19' title='bbox 1815 652 2349 746; x_wconf 84' lang='lat' dir='ltr'><strong>Haudquaquam</strong></span> 
     </span>
     <span class='ocr_line' id='line_1_4' title="bbox 260 742 2350 831; baseline 0.008 -19"><span class='ocrx_word' id='word_1_20' title='bbox 260 746 524 827; x_wconf 85' lang='lat' dir='ltr'><strong>hercle,</strong></span> <span class='ocrx_word' id='word_1_21' title='bbox 576 743 831 831; x_wconf 85' lang='lat' dir='ltr'><strong>iuquit,</strong></span> <span class='ocrx_word' id='word_1_22' title='bbox 879 743 1228 828; x_wconf 84' lang='lat' dir='ltr'><strong>equidem3</strong></span> <span class='ocrx_word' id='word_1_23' title='bbox 1274 754 1348 808; x_wconf 86' lang='lat' dir='ltr'><strong>tu</strong></span> <span class='ocrx_word' id='word_1_24' title='bbox 1388 759 1613 813; x_wconf 85' lang='lat' dir='ltr'><strong>autem</strong></span> <span class='ocrx_word' id='word_1_25' title='bbox 1659 742 1789 818; x_wconf 71' lang='lat' dir='ltr'><strong>hoc</strong></span> <span class='ocrx_word' id='word_1_26' title='bbox 1830 746 2350 828; x_wconf 65' lang='lat' dir='ltr'><strong>habes-dicere?</strong></span> 
     </span>
     <span class='ocr_line' id='line_1_5' title="bbox 258 843 2349 943; baseline 0.011 -32"><span class='ocrx_word' id='word_1_27' title='bbox 258 847 390 918; x_wconf 78' lang='lat' dir='ltr'><strong>Nisi</strong></span> <span class='ocrx_word' id='word_1_28' title='bbox 418 848 660 914; x_wconf 89' lang='lat' dir='ltr'><strong>iniuste</strong></span> <span class='ocrx_word' id='word_1_29' title='bbox 687 843 880 924; x_wconf 88' lang='lat' dir='ltr'><strong>facio,</strong></span> <span class='ocrx_word' id='word_1_30' title='bbox 913 846 1238 929; x_wconf 84' lang='lat' dir='ltr'><strong>inquam3</strong></span> <span class='ocrx_word' id='word_1_31' title='bbox 1282 847 1578 916; x_wconf 78' lang='lat' dir='ltr'><strong>arbitror</strong></span> <span class='ocrx_word' id='word_1_32' title='bbox 1607 873 1767 918; x_wconf 85' lang='lat' dir='ltr'><strong>vero</strong></span> <span class='ocrx_word' id='word_1_33' title='bbox 1802 858 2137 943; x_wconf 79' lang='lat' dir='ltr'><strong>etiam&#39;te;</strong></span> <span class='ocrx_word' id='word_1_34' title='bbox 2174 867 2349 933; x_wconf 80' lang='lat' dir='ltr'><strong>nihil</strong></span> 
     </span>
    </p>
   </div>
   <div class='ocr_carea' id='block_1_3' title="bbox 162 946 2347 1036">
    <p class='ocr_par' dir='ltr' id='par_1_3' title="bbox 162 946 2347 1036">
     <span class='ocr_line' id='line_1_6' title="bbox 162 946 2347 1036; baseline 0.012 -27"><span class='ocrx_word' id='word_1_35' title='bbox 162 998 169 1009; x_wconf 83' lang='lat'><strong>.</strong></span> <span class='ocrx_word' id='word_1_36' title='bbox 261 952 448 1016; x_wconf 88' lang='lat' dir='ltr'><strong>enim</strong></span> <span class='ocrx_word' id='word_1_37' title='bbox 482 947 764 1014; x_wconf 83' lang='lat' dir='ltr'><strong>difficile.</strong></span> <span class='ocrx_word' id='word_1_38' title='bbox 792 992 796 1001; x_wconf 82' lang='lat'><em>·</em></span> <span class='ocrx_word' id='word_1_39' title='bbox 853 946 1030 1011; x_wconf 88' lang='lat' dir='ltr'><strong>Mihi</strong></span> <span class='ocrx_word' id='word_1_40' title='bbox 1054 949 1246 1027; x_wconf 87' lang='lat' dir='ltr'><strong>sane,</strong></span> <span class='ocrx_word' id='word_1_41' title='bbox 1290 947 1543 1035; x_wconf 83' lang='lat' dir='ltr'><strong>inquit3</strong></span> <span class='ocrx_word' id='word_1_42' title='bbox 1591 978 1677 1020; x_wconf 83' lang='lat' dir='ltr'><strong>ex</strong></span> <span class='ocrx_word' id='word_1_43' title='bbox 1704 971 1771 1023; x_wconf 86' lang='lat' dir='ltr'><strong>te</strong></span> <span class='ocrx_word' id='word_1_44' title='bbox 1797 952 2028 1028; x_wconf 70' lang='lat' dir='ltr'><strong>au&#39;tem</strong></span> <span class='ocrx_word' id='word_1_45' title='bbox 2056 965 2347 1036; x_wconf 78' lang='lat' dir='ltr'><strong>libenter</strong></span> 
     </span>
    </p>
   </div>
   <div class='ocr_carea' id='block_1_4' title="bbox 232 1047 2374 4282">
    <p class='ocr_par' dir='ltr' id='par_1_4' title="bbox 258 1047 2347 1238">
     <span class='ocr_line' id='line_1_7' title="bbox 258 1047 2347 1149; baseline 0.011 -32"><span class='ocrx_word' id='word_1_46' title='bbox 258 1052 590 1118; x_wconf 78' lang='lat' dir='ltr'><strong>audierim</strong></span> <span class='ocrx_word' id='word_1_47' title='bbox 652 1050 781 1115; x_wconf 88' lang='lat' dir='ltr'><strong>hoc</strong></span> <span class='ocrx_word' id='word_1_48' title='bbox 845 1071 985 1114; x_wconf 85' lang='lat' dir='ltr'><strong>non</strong></span> <span class='ocrx_word' id='word_1_49' title='bbox 1033 1047 1312 1116; x_wconf 88' lang='lat' dir='ltr'><strong>difficile.</strong></span> <span class='ocrx_word' id='word_1_50' title='bbox 1437 1054 1687 1122; x_wconf 82' lang='lat' dir='ltr'><strong>Audies</strong></span> <span class='ocrx_word' id='word_1_51' title='bbox 1714 1108 1735 1143; x_wconf 88' lang='lat'>,</span> <span class='ocrx_word' id='word_1_52' title='bbox 1811 1060 2116 1149; x_wconf 87' lang='lat' dir='ltr'><strong>inquam.</strong></span> <span class='ocrx_word' id='word_1_53' title='bbox 2223 1072 2347 1139; x_wconf 85' lang='lat' dir='ltr'><strong>Dic</strong></span> 
     </span>
     <span class='ocr_line' id='line_1_8' title="bbox 259 1152 796 1238; baseline -0.006 -17"><span class='ocrx_word' id='word_1_54' title='bbox 259 1154 497 1232; x_wconf 87' lang='lat' dir='ltr'><strong>modo,</strong></span> <span class='ocrx_word' id='word_1_55' title='bbox 556 1152 796 1238; x_wconf 88' lang='lat' dir='ltr'><strong>inquit.</strong></span> 
     </span>
    </p>

    <p class='ocr_par' dir='ltr' id='par_1_5' title="bbox 232 1252 2374 4207">
     <span class='ocr_line' id='line_1_9' title="bbox 427 1252 2346 1361; baseline 0.01 -39"><span class='ocrx_word' id='word_1_56' title='bbox 427 1258 694 1322; x_wconf 89' lang='lat' dir='ltr'><strong>Bonum</strong></span> <span class='ocrx_word' id='word_1_57' title='bbox 729 1252 1007 1337; x_wconf 79' lang='lat' dir='ltr'><strong>aliquid,</strong></span> <span class='ocrx_word' id='word_1_58' title='bbox 1037 1253 1338 1339; x_wconf 81' lang='lat' dir='ltr'><strong>inquam,</strong></span> <span class='ocrx_word' id='word_1_59' title='bbox 1377 1269 1447 1321; x_wconf 88' lang='lat' dir='ltr'><strong>et</strong></span> <span class='ocrx_word' id='word_1_60' title='bbox 1476 1256 1748 1328; x_wconf 42' lang='lat' dir='ltr'><strong>malum*</strong></span> <span class='ocrx_word' id='word_1_61' title='bbox 1770 1270 2114 1355; x_wconf 79' lang='lat' dir='ltr'><strong>appellas?</strong></span> <span class='ocrx_word' id='word_1_62' title='bbox 2143 1274 2346 1361; x_wconf 83' lang='lat' dir='ltr'><strong>Equi-</strong></span> 
     </span>
     <span class='ocr_line' id='line_1_10' title="bbox 257 1356 2345 1460; baseline 0.01 -35"><span class='ocrx_word' id='word_1_63' title='bbox 257 1359 436 1425; x_wconf 88' lang='lat' dir='ltr'><strong>dem.</strong></span> <span class='ocrx_word' id='word_1_64' title='bbox 527 1359 712 1425; x_wconf 87' lang='lat' dir='ltr'><strong>Num</strong></span> <span class='ocrx_word' id='word_1_65' title='bbox 739 1356 949 1442; x_wconf 85' lang='lat' dir='ltr'><strong>igitur</strong></span> <span class='ocrx_word' id='word_1_66' title='bbox 980 1358 1074 1421; x_wconf 85' lang='lat' dir='ltr'><strong>ita</strong></span> <span class='ocrx_word' id='word_1_67' title='bbox 1114 1369 1189 1420; x_wconf 84' lang='lat' dir='ltr'><strong>ut</strong></span> <span class='ocrx_word' id='word_1_68' title='bbox 1216 1380 1335 1442; x_wconf 88' lang='lat' dir='ltr'><strong>ego</strong></span> <span class='ocrx_word' id='word_1_69' title='bbox 1380 1361 1465 1424; x_wconf 89' lang='lat' dir='ltr'><strong>de</strong></span> <span class='ocrx_word' id='word_1_70' title='bbox 1501 1363 1594 1426; x_wconf 78' lang='lat' dir='ltr'><strong>eis</strong></span> <span class='ocrx_word' id='word_1_71' title='bbox 1620 1365 1821 1431; x_wconf 88' lang='lat' dir='ltr'><strong>sentis</strong></span> <span class='ocrx_word' id='word_1_72' title='bbox 1844 1370 1875 1431; x_wconf 67' lang='lat'><em>2</em></span> <span class='ocrx_word' id='word_1_73' title='bbox 1923 1364 2345 1460; x_wconf 76' lang='lat' dir='ltr'><strong>Quomodo?</strong></span> 
     </span>
     <span class='ocr_line' id='line_1_11' title="bbox 254 1463 2340 1551; baseline 0.009 -23"><span class='ocrx_word' id='word_1_74' title='bbox 254 1463 559 1528; x_wconf 88' lang='lat' dir='ltr'><strong>Perdens</strong></span> <span class='ocrx_word' id='word_1_75' title='bbox 588 1473 656 1524; x_wconf 90' lang='lat' dir='ltr'><strong>et</strong></span> <span class='ocrx_word' id='word_1_76' title='bbox 687 1480 1124 1546; x_wconf 85' lang='lat' dir='ltr'><strong>corrumpens</strong></span> <span class='ocrx_word' id='word_1_77' title='bbox 1154 1482 1354 1523; x_wconf 86' lang='lat' dir='ltr'><strong>omne</strong></span> <span class='ocrx_word' id='word_1_78' title='bbox 1375 1467 1640 1539; x_wconf 61' lang='lat' dir='ltr'><strong>=malum</strong></span> <span class='ocrx_word' id='word_1_79' title='bbox 1676 1474 1839 1551; x_wconf 83' lang='lat' dir='ltr'><strong>effe,</strong></span> <span class='ocrx_word' id='word_1_80' title='bbox 1876 1474 2142 1542; x_wconf 84' lang='lat' dir='ltr'><strong>servans</strong></span> <span class='ocrx_word' id='word_1_81' title='bbox 2177 1502 2340 1547; x_wconf 85' lang='lat' dir='ltr'><strong>vero</strong></span> 
     </span>
     <span class='ocr_line' id='line_1_12' title="bbox 256 1561 2341 1659; baseline 0.007 -30"><span class='ocrx_word' id='word_1_82' title='bbox 256 1576 325 1629; x_wconf 88' lang='lat' dir='ltr'><strong>et</strong></span> <span class='ocrx_word' id='word_1_83' title='bbox 370 1566 611 1628; x_wconf 84' lang='lat' dir='ltr'><strong>iuvans</strong></span> <span class='ocrx_word' id='word_1_84' title='bbox 656 1561 925 1627; x_wconf 89' lang='lat' dir='ltr'><strong>bonum.</strong></span> <span class='ocrx_word' id='word_1_85' title='bbox 1016 1562 1155 1648; x_wconf 84' lang='lat' dir='ltr'><strong>Ego</strong></span> <span class='ocrx_word' id='word_1_86' title='bbox 1203 1586 1411 1643; x_wconf 85' lang='lat' dir='ltr'><strong>vero,</strong></span> <span class='ocrx_word' id='word_1_87' title='bbox 1470 1567 1705 1653; x_wconf 86' lang='lat' dir='ltr'><strong>inquit.</strong></span> <span class='ocrx_word' id='word_1_88' title='bbox 1798 1570 2037 1659; x_wconf 73' lang='lat' dir='ltr'><strong>Quid?</strong></span> <span class='ocrx_word' id='word_1_89' title='bbox 2077 1584 2341 1649; x_wconf 87' lang='lat' dir='ltr'><strong>malum</strong></span> 
     </span>
     <span class='ocr_line' id='line_1_13' title="bbox 252 1663 2343 1761; baseline 0.008 -29"><span class='ocrx_word' id='word_1_90' title='bbox 252 1668 509 1751; x_wconf 83' lang='lat' dir='ltr'><strong>cuique</strong></span> <span class='ocrx_word' id='word_1_91' title='bbox 539 1664 697 1749; x_wconf 89' lang='lat' dir='ltr'><strong>quid</strong></span> <span class='ocrx_word' id='word_1_92' title='bbox 730 1676 794 1727; x_wconf 87' lang='lat' dir='ltr'><strong>et</strong></span> <span class='ocrx_word' id='word_1_93' title='bbox 827 1663 1078 1729; x_wconf 89' lang='lat' dir='ltr'><strong>bonum</strong></span> <span class='ocrx_word' id='word_1_94' title='bbox 1121 1664 1334 1730; x_wconf 81' lang='lat' dir='ltr'><strong>dicis?</strong></span> <span class='ocrx_word' id='word_1_95' title='bbox 1380 1667 1562 1731; x_wconf 89' lang='lat' dir='ltr'><strong>velut</strong></span> <span class='ocrx_word' id='word_1_96' title='bbox 1608 1671 1820 1734; x_wconf 86' lang='lat' dir='ltr'><strong>oculis</strong></span> <span class='ocrx_word' id='word_1_97' title='bbox 1861 1676 2343 1761; x_wconf 82' lang='lat' dir='ltr'><strong>lippitudinem</strong></span> 
     </span>
     <span class='ocr_line' id='line_1_14' title="bbox 252 1765 2345 1868; baseline 0.001 -34"><span class='ocrx_word' id='word_1_98' title='bbox 252 1782 328 1834; x_wconf 82' lang='lat' dir='ltr'><strong>et</strong></span> <span class='ocrx_word' id='word_1_99' title='bbox 363 1767 667 1831; x_wconf 84' lang='lat' dir='ltr'><strong>universo</strong></span> <span class='ocrx_word' id='word_1_100' title='bbox 695 1768 964 1854; x_wconf 85' lang='lat' dir='ltr'><strong>corpori</strong></span> <span class='ocrx_word' id='word_1_101' title='bbox 989 1766 1339 1844; x_wconf 85' lang='lat' dir='ltr'><strong>morbum,</strong></span> <span class='ocrx_word' id='word_1_102' title='bbox 1386 1765 1739 1833; x_wconf 85' lang='lat' dir='ltr'><strong>frumento</strong></span> <span class='ocrx_word' id='word_1_103' title='bbox 1767 1775 2177 1863; x_wconf 84' lang='lat' dir='ltr'><strong>robiginem,</strong></span> <span class='ocrx_word' id='word_1_104' title='bbox 2208 1805 2345 1868; x_wconf 86' lang='lat' dir='ltr'><strong>pu..</strong></span> 
     </span>
     <span class='ocr_line' id='line_1_15' title="bbox 254 1867 2342 1960; baseline 0.003 -25"><span class='ocrx_word' id='word_1_105' title='bbox 254 1871 591 1935; x_wconf 74' lang='lat' dir='ltr'><strong>tre-dinem</strong></span> <span class='ocrx_word' id='word_1_106' title='bbox 619 1871 850 1956; x_wconf 82' lang='lat' dir='ltr'><strong>lignis,</strong></span> <span class='ocrx_word' id='word_1_107' title='bbox 898 1868 1043 1932; x_wconf 89' lang='lat' dir='ltr'><strong>aeri</strong></span> <span class='ocrx_word' id='word_1_108' title='bbox 1076 1878 1142 1930; x_wconf 85' lang='lat' dir='ltr'><strong>et</strong></span> <span class='ocrx_word' id='word_1_109' title='bbox 1169 1867 1353 1928; x_wconf 78' lang='lat' dir='ltr'><strong>ferro</strong></span> <span class='ocrx_word' id='word_1_110' title='bbox 1389 1868 1780 1952; x_wconf 83' lang='lat' dir='ltr'><strong>aeruginem</strong></span> <span class='ocrx_word' id='word_1_111' title='bbox 1804 1920 1822 1950; x_wconf 92' lang='lat'>‚</span> <span class='ocrx_word' id='word_1_112' title='bbox 1868 1885 1936 1936; x_wconf 87' lang='lat' dir='ltr'><strong>et</strong></span> <span class='ocrx_word' id='word_1_113' title='bbox 1972 1881 2148 1960; x_wconf 88' lang='lat' dir='ltr'><strong>quod</strong></span> <span class='ocrx_word' id='word_1_114' title='bbox 2189 1885 2342 1950; x_wconf 75' lang='lat' dir='ltr'><strong>dico</strong></span> 
     </span>
     <span class='ocr_line' id='line_1_16' title="bbox 253 1967 2341 2072; baseline 0.003 -34"><span class='ocrx_word' id='word_1_115' title='bbox 253 1972 404 2038; x_wconf 87' lang='lat' dir='ltr'><strong>fere</strong></span> <span class='ocrx_word' id='word_1_116' title='bbox 437 1973 759 2038; x_wconf 86' lang='lat' dir='ltr'><strong>omnibus</strong></span> <span class='ocrx_word' id='word_1_117' title='bbox 789 1970 1103 2033; x_wconf 88' lang='lat' dir='ltr'><strong>innatum</strong></span> <span class='ocrx_word' id='word_1_118' title='bbox 1142 1967 1391 2050; x_wconf 88' lang='lat' dir='ltr'><strong>cuique</strong></span> <span class='ocrx_word' id='word_1_119' title='bbox 1420 1969 1679 2034; x_wconf 75' lang='lat' dir='ltr'><strong>malum</strong></span> <span class='ocrx_word' id='word_1_120' title='bbox 1710 1981 1777 2034; x_wconf 82' lang='lat' dir='ltr'><strong>et</strong></span> <span class='ocrx_word' id='word_1_121' title='bbox 1806 1976 2137 2044; x_wconf 83' lang='lat' dir='ltr'><strong>morbum.</strong></span> <span class='ocrx_word' id='word_1_122' title='bbox 2195 1985 2341 2072; x_wconf 83' lang='lat' dir='ltr'><strong>Ego</strong></span> 
     </span>
     <span class='ocr_line' id='line_1_17' title="bbox 232 2069 2339 2166; baseline 0.002 -28"><span class='ocrx_word' id='word_1_123' title='bbox 232 2095 467 2149; x_wconf 82' lang='lat' dir='ltr'><strong>-vero,</strong></span> <span class='ocrx_word' id='word_1_124' title='bbox 512 2071 753 2154; x_wconf 87' lang='lat' dir='ltr'><strong>inquit.</strong></span> <span class='ocrx_word' id='word_1_125' title='bbox 833 2072 1077 2136; x_wconf 89' lang='lat' dir='ltr'><strong>Nonne</strong></span> <span class='ocrx_word' id='word_1_126' title='bbox 1106 2069 1378 2155; x_wconf 89' lang='lat' dir='ltr'><strong>quando</strong></span> <span class='ocrx_word' id='word_1_127' title='bbox 1420 2070 1617 2153; x_wconf 78' lang='lat' dir='ltr'><strong>alicui</strong></span> <span class='ocrx_word' id='word_1_128' title='bbox 1658 2074 1909 2142; x_wconf 88' lang='lat' dir='ltr'><strong>horum</strong></span> <span class='ocrx_word' id='word_1_129' title='bbox 1951 2084 2110 2166; x_wconf 85' lang='lat' dir='ltr'><strong>quid</strong></span> <span class='ocrx_word' id='word_1_130' title='bbox 2139 2108 2339 2151; x_wconf 82' lang='lat' dir='ltr'><strong>acce-</strong></span> 
     </span>
     <span class='ocr_line' id='line_1_18' title="bbox 252 2172 2334 2258; baseline 0.009 -19"><span class='ocrx_word' id='word_1_131' title='bbox 252 2175 382 2247; x_wconf 83' lang='lat' dir='ltr'><strong>dit,</strong></span> <span class='ocrx_word' id='word_1_132' title='bbox 411 2193 704 2257; x_wconf 85' lang='lat' dir='ltr'><strong>pravum</strong></span> <span class='ocrx_word' id='word_1_133' title='bbox 732 2172 798 2237; x_wconf 91' lang='lat' dir='ltr'><strong>id</strong></span> <span class='ocrx_word' id='word_1_134' title='bbox 831 2172 1033 2236; x_wconf 85' lang='lat' dir='ltr'><strong>efficit</strong></span> <span class='ocrx_word' id='word_1_135' title='bbox 1060 2172 1168 2237; x_wconf 87' lang='lat' dir='ltr'><strong>oui</strong></span> <span class='ocrx_word' id='word_1_136' title='bbox 1194 2172 1442 2236; x_wconf 75' lang='lat' dir='ltr'><strong>accedit</strong></span> <span class='ocrx_word' id='word_1_137' title='bbox 1471 2184 1540 2236; x_wconf 89' lang='lat' dir='ltr'><strong>et</strong></span> <span class='ocrx_word' id='word_1_138' title='bbox 1570 2174 1653 2237; x_wconf 91' lang='lat' dir='ltr'><strong>ad</strong></span> <span class='ocrx_word' id='word_1_139' title='bbox 1688 2187 2072 2248; x_wconf 82' lang='lat' dir='ltr'><strong>extremum</strong></span> <span class='ocrx_word' id='word_1_140' title='bbox 2111 2197 2334 2258; x_wconf 88' lang='lat' dir='ltr'><strong>totum</strong></span> 
     </span>
     <span class='ocr_line' id='line_1_19' title="bbox 251 2273 2336 2371; baseline 0.003 -29"><span class='ocrx_word' id='word_1_141' title='bbox 251 2276 561 2342; x_wconf 84' lang='lat' dir='ltr'><strong>dissolvit</strong></span> <span class='ocrx_word' id='word_1_142' title='bbox 609 2286 673 2339; x_wconf 84' lang='lat' dir='ltr'><strong>et</strong></span> <span class='ocrx_word' id='word_1_143' title='bbox 706 2273 972 2361; x_wconf 81' lang='lat' dir='ltr'><strong>perdit?</strong></span> <span class='ocrx_word' id='word_1_144' title='bbox 1018 2273 1326 2362; x_wconf 78' lang='lat' dir='ltr'><strong>Quidni?</strong></span> <span class='ocrx_word' id='word_1_145' title='bbox 1371 2277 1646 2341; x_wconf 75' lang='lat' dir='ltr'><strong>insitum</strong></span> <span class='ocrx_word' id='word_1_146' title='bbox 1686 2300 1843 2365; x_wconf 85' lang='lat' dir='ltr'><strong>ergo</strong></span> <span class='ocrx_word' id='word_1_147' title='bbox 1888 2285 2135 2371; x_wconf 88' lang='lat' dir='ltr'><strong>cuique</strong></span> <span class='ocrx_word' id='word_1_148' title='bbox 2182 2315 2336 2360; x_wconf 75' lang='lat' dir='ltr'><strong>ma..</strong></span> 
     </span>
     <span class='ocr_line' id='line_1_20' title="bbox 250 2375 2335 2471; baseline 0.004 -24"><span class='ocrx_word' id='word_1_149' title='bbox 250 2382 395 2448; x_wconf 85' lang='lat' dir='ltr'><strong>lum</strong></span> <span class='ocrx_word' id='word_1_150' title='bbox 425 2391 493 2442; x_wconf 89' lang='lat' dir='ltr'><strong>et</strong></span> <span class='ocrx_word' id='word_1_151' title='bbox 524 2378 817 2465; x_wconf 85' lang='lat' dir='ltr'><strong>pravitas</strong></span> <span class='ocrx_word' id='word_1_152' title='bbox 844 2375 1136 2462; x_wconf 88' lang='lat' dir='ltr'><strong>quidque</strong></span> <span class='ocrx_word' id='word_1_153' title='bbox 1161 2377 1411 2465; x_wconf 87' lang='lat' dir='ltr'><strong>perdit,</strong></span> <span class='ocrx_word' id='word_1_154' title='bbox 1445 2390 1562 2441; x_wconf 91' lang='lat' dir='ltr'><strong>aut</strong></span> <span class='ocrx_word' id='word_1_155' title='bbox 1591 2378 1706 2442; x_wconf 84' lang='lat' dir='ltr'><strong>nifi</strong></span> <span class='ocrx_word' id='word_1_156' title='bbox 1734 2380 1868 2445; x_wconf 88' lang='lat' dir='ltr'><strong>hoc</strong></span> <span class='ocrx_word' id='word_1_157' title='bbox 1895 2389 2164 2471; x_wconf 83' lang='lat' dir='ltr'><strong>perdet,</strong></span> <span class='ocrx_word' id='word_1_158' title='bbox 2192 2393 2335 2462; x_wconf 88' lang='lat' dir='ltr'><strong>iam</strong></span> 
     </span>
     <span class='ocr_line' id='line_1_21' title="bbox 250 2472 2331 2569; baseline 0.005 -21"><span class='ocrx_word' id='word_1_159' title='bbox 250 2505 389 2548; x_wconf 87' lang='lat' dir='ltr'><strong>non</strong></span> <span class='ocrx_word' id='word_1_160' title='bbox 432 2480 614 2545; x_wconf 89' lang='lat' dir='ltr'><strong>aliud</strong></span> <span class='ocrx_word' id='word_1_161' title='bbox 658 2481 724 2543; x_wconf 86' lang='lat' dir='ltr'><strong>id</strong></span> <span class='ocrx_word' id='word_1_162' title='bbox 776 2493 1200 2565; x_wconf 80' lang='lat' dir='ltr'><strong>corrumpet3</strong></span> <span class='ocrx_word' id='word_1_163' title='bbox 1234 2500 1479 2562; x_wconf 53' lang='lat' dir='ltr'><strong>sieque</strong></span> <span class='ocrx_word' id='word_1_164' title='bbox 1522 2472 1704 2544; x_wconf 89' lang='lat' dir='ltr'><strong>enim</strong></span> <span class='ocrx_word' id='word_1_165' title='bbox 1730 2482 1802 2546; x_wconf 90' lang='lat' dir='ltr'><strong>id</strong></span> <span class='ocrx_word' id='word_1_166' title='bbox 1850 2488 2029 2569; x_wconf 89' lang='lat' dir='ltr'><strong>quod</strong></span> <span class='ocrx_word' id='word_1_167' title='bbox 2075 2490 2331 2563; x_wconf 88' lang='lat' dir='ltr'><strong>bonum</strong></span> 
     </span>
     <span class='ocr_line' id='line_1_22' title="bbox 250 2579 2374 2672; baseline -0.001 -20"><span class='ocrx_word' id='word_1_168' title='bbox 250 2590 339 2652; x_wconf 85' lang='lat' dir='ltr'><strong>est</strong></span> <span class='ocrx_word' id='word_1_169' title='bbox 366 2606 690 2670; x_wconf 88' lang='lat' dir='ltr'><strong>umquam</strong></span> <span class='ocrx_word' id='word_1_170' title='bbox 731 2580 981 2665; x_wconf 87' lang='lat' dir='ltr'><strong>aliquid</strong></span> <span class='ocrx_word' id='word_1_171' title='bbox 1015 2583 1311 2665; x_wconf 84' lang='lat' dir='ltr'><strong>perdet,-</strong></span> <span class='ocrx_word' id='word_1_172' title='bbox 1337 2602 1461 2644; x_wconf 90' lang='lat' dir='ltr'><strong>nec</strong></span> <span class='ocrx_word' id='word_1_173' title='bbox 1490 2579 1560 2644; x_wconf 81' lang='lat' dir='ltr'><strong>id</strong></span> <span class='ocrx_word' id='word_1_174' title='bbox 1590 2583 1766 2666; x_wconf 89' lang='lat' dir='ltr'><strong>quod</strong></span> <span class='ocrx_word' id='word_1_175' title='bbox 1813 2605 2031 2672; x_wconf 89' lang='lat' dir='ltr'><strong>neque</strong></span> <span class='ocrx_word' id='word_1_176' title='bbox 2072 2596 2330 2664; x_wconf 84' lang='lat' dir='ltr'><strong>malum</strong></span> <span class='ocrx_word' id='word_1_177' title='bbox 2361 2637 2374 2650; x_wconf 80' lang='lat'><strong>.</strong></span> 
     </span>
     <span class='ocr_line' id='line_1_23' title="bbox 249 2682 2327 2784; baseline 0.001 -35"><span class='ocrx_word' id='word_1_178' title='bbox 249 2710 478 2772; x_wconf 86' lang='lat' dir='ltr'><strong>neque</strong></span> <span class='ocrx_word' id='word_1_179' title='bbox 518 2686 773 2748; x_wconf 90' lang='lat' dir='ltr'><strong>bonum</strong></span> <span class='ocrx_word' id='word_1_180' title='bbox 822 2684 930 2746; x_wconf 88' lang='lat' dir='ltr'><strong>est.</strong></span> <span class='ocrx_word' id='word_1_181' title='bbox 1024 2682 1167 2770; x_wconf 77' lang='lat' dir='ltr'><strong>Qui</strong></span> <span class='ocrx_word' id='word_1_182' title='bbox 1212 2683 1393 2746; x_wconf 89' lang='lat' dir='ltr'><strong>enim</strong></span> <span class='ocrx_word' id='word_1_183' title='bbox 1436 2686 1683 2767; x_wconf 76' lang='lat' dir='ltr'><strong>potest?</strong></span> <span class='ocrx_word' id='word_1_184' title='bbox 1723 2685 1966 2770; x_wconf 85' lang='lat' dir='ltr'><strong>inquit.</strong></span> <span class='ocrx_word' id='word_1_185' title='bbox 2057 2692 2126 2759; x_wconf 88' lang='lat' dir='ltr'><strong>Si</strong></span> <span class='ocrx_word' id='word_1_186' title='bbox 2165 2699 2327 2784; x_wconf 79' lang='lat' dir='ltr'><strong>quid</strong></span> 
     </span>
     <span class='ocr_line' id='line_1_24' title="bbox 247 2786 2332 2880; baseline 0.006 -25"><span class='ocrx_word' id='word_1_187' title='bbox 247 2791 458 2878; x_wconf 87' lang='lat' dir='ltr'><strong>igitur</strong></span> <span class='ocrx_word' id='word_1_188' title='bbox 504 2788 577 2852; x_wconf 88' lang='lat' dir='ltr'><strong>in</strong></span> <span class='ocrx_word' id='word_1_189' title='bbox 620 2808 853 2851; x_wconf 87' lang='lat' dir='ltr'><strong>rerum</strong></span> <span class='ocrx_word' id='word_1_190' title='bbox 900 2798 1145 2849; x_wconf 88' lang='lat' dir='ltr'><strong>natura</strong></span> <span class='ocrx_word' id='word_1_191' title='bbox 1191 2788 1398 2848; x_wconf 84' lang='lat' dir='ltr'><strong>exstat</strong></span> <span class='ocrx_word' id='word_1_192' title='bbox 1449 2786 1559 2849; x_wconf 79' lang='lat' dir='ltr'><strong>cui</strong></span> <span class='ocrx_word' id='word_1_193' title='bbox 1605 2789 1857 2855; x_wconf 84' lang='lat' dir='ltr'><strong>malum</strong></span> <span class='ocrx_word' id='word_1_194' title='bbox 1919 2791 2188 2880; x_wconf 86' lang='lat' dir='ltr'><strong>aliquod</strong></span> <span class='ocrx_word' id='word_1_195' title='bbox 2240 2803 2332 2867; x_wconf 87' lang='lat' dir='ltr'><strong>est</strong></span> 
     </span>
     <span class='ocr_line' id='line_1_25' title="bbox 251 2875 2326 2989; baseline 0.009 -41"><span class='ocrx_word' id='word_1_196' title='bbox 251 2893 428 2980; x_wconf 82' lang='lat' dir='ltr'><strong>quod</strong></span> <span class='ocrx_word' id='word_1_197' title='bbox 483 2875 888 2977; x_wconf 62' lang='lat' dir='ltr'><strong>pravitaiem</strong></span> <span class='ocrx_word' id='word_1_198' title='bbox 941 2888 1005 2951; x_wconf 89' lang='lat' dir='ltr'><strong>ei</strong></span> <span class='ocrx_word' id='word_1_199' title='bbox 1040 2886 1294 2966; x_wconf 81' lang='lat' dir='ltr'><strong>iniicit,</strong></span> <span class='ocrx_word' id='word_1_200' title='bbox 1341 2908 1563 2971; x_wconf 85' lang='lat' dir='ltr'><strong>neque</strong></span> <span class='ocrx_word' id='word_1_201' title='bbox 1604 2900 1827 2955; x_wconf 87' lang='lat' dir='ltr'><strong>tamen</strong></span> <span class='ocrx_word' id='word_1_202' title='bbox 1863 2902 2067 2981; x_wconf 82' lang='lat' dir='ltr'><strong>potest</strong></span> <span class='ocrx_word' id='word_1_203' title='bbox 2105 2903 2326 2989; x_wconf 86' lang='lat' dir='ltr'><strong>ipsum</strong></span> 
     </span>
     <span class='ocr_line' id='line_1_26' title="bbox 249 2990 2327 3082; baseline 0 -23"><span class='ocrx_word' id='word_1_204' title='bbox 249 2996 509 3060; x_wconf 85' lang='lat' dir='ltr'><strong>solvere</strong></span> <span class='ocrx_word' id='word_1_205' title='bbox 541 3005 745 3082; x_wconf 84' lang='lat' dir='ltr'><strong>atque</strong></span> <span class='ocrx_word' id='word_1_206' title='bbox 778 2990 1100 3076; x_wconf 84' lang='lat' dir='ltr'><strong>perdere,</strong></span> <span class='ocrx_word' id='word_1_207' title='bbox 1142 3011 1374 3054; x_wconf 84' lang='lat' dir='ltr'><strong>nonne</strong></span> <span class='ocrx_word' id='word_1_208' title='bbox 1394 2990 1529 3054; x_wconf 89' lang='lat' dir='ltr'><strong>iam</strong></span> <span class='ocrx_word' id='word_1_209' title='bbox 1564 2993 1846 3060; x_wconf 82' lang='lat' dir='ltr'><strong>sciemus</strong></span> <span class='ocrx_word' id='word_1_210' title='bbox 1887 2999 2026 3065; x_wconf 79' lang='lat' dir='ltr'><strong>eius</strong></span> <span class='ocrx_word' id='word_1_211' title='bbox 2062 3006 2158 3067; x_wconf 83' lang='lat' dir='ltr'><strong>rei</strong></span> <span class='ocrx_word' id='word_1_212' title='bbox 2196 3029 2327 3071; x_wconf 74' lang='lat' dir='ltr'><strong>na..</strong></span> 
     </span>
     <span class='ocr_line' id='line_1_27' title="bbox 245 3093 2324 3192; baseline 0.002 -29"><span class='ocrx_word' id='word_1_213' title='bbox 245 3109 400 3164; x_wconf 88' lang='lat' dir='ltr'><strong>tura</strong></span> <span class='ocrx_word' id='word_1_214' title='bbox 438 3097 535 3161; x_wconf 85' lang='lat' dir='ltr'><strong>ita</strong></span> <span class='ocrx_word' id='word_1_215' title='bbox 572 3104 1003 3179; x_wconf 80' lang='lat' dir='ltr'><strong>comparatae</strong></span> <span class='ocrx_word' id='word_1_216' title='bbox 1059 3115 1197 3155; x_wconf 86' lang='lat' dir='ltr'><strong>non</strong></span> <span class='ocrx_word' id='word_1_217' title='bbox 1249 3093 1375 3155; x_wconf 79' lang='lat' dir='ltr'><strong>effe</strong></span> <span class='ocrx_word' id='word_1_218' title='bbox 1418 3093 1820 3161; x_wconf 72' lang='lat' dir='ltr'><strong>interitum?</strong></span> <span class='ocrx_word' id='word_1_219' title='bbox 1886 3101 2022 3181; x_wconf 87' lang='lat' dir='ltr'><strong>Ita,</strong></span> <span class='ocrx_word' id='word_1_220' title='bbox 2077 3106 2324 3192; x_wconf 87' lang='lat' dir='ltr'><strong>inquit,</strong></span> 
     </span>
     <span class='ocr_line' id='line_1_28' title="bbox 246 3193 2324 3281; baseline 0.004 -15"><span class='ocrx_word' id='word_1_221' title='bbox 246 3203 767 3266; x_wconf 85' lang='lat' dir='ltr'><strong>consentaneum</strong></span> <span class='ocrx_word' id='word_1_222' title='bbox 801 3198 905 3261; x_wconf 88' lang='lat' dir='ltr'><strong>est.</strong></span> <span class='ocrx_word' id='word_1_223' title='bbox 964 3193 1149 3281; x_wconf 88' lang='lat' dir='ltr'><strong>Quid</strong></span> <span class='ocrx_word' id='word_1_224' title='bbox 1186 3195 1437 3281; x_wconf 77' lang='lat' dir='ltr'><strong>igitur?</strong></span> <span class='ocrx_word' id='word_1_225' title='bbox 1470 3195 1784 3279; x_wconf 81' lang='lat' dir='ltr'><strong>inquam3</strong></span> <span class='ocrx_word' id='word_1_226' title='bbox 1809 3203 2122 3271; x_wconf 87' lang='lat' dir='ltr'><strong>animone</strong></span> <span class='ocrx_word' id='word_1_227' title='bbox 2151 3212 2324 3276; x_wconf 88' lang='lat' dir='ltr'><strong>nihil</strong></span> 
     </span>
     <span class='ocr_line' id='line_1_29' title="bbox 243 3296 2320 3393; baseline 0.004 -29"><span class='ocrx_word' id='word_1_228' title='bbox 243 3303 330 3365; x_wconf 82' lang='lat' dir='ltr'><strong>est</strong></span> <span class='ocrx_word' id='word_1_229' title='bbox 361 3299 541 3383; x_wconf 87' lang='lat' dir='ltr'><strong>quod</strong></span> <span class='ocrx_word' id='word_1_230' title='bbox 578 3322 866 3386; x_wconf 85' lang='lat' dir='ltr'><strong>pravum</strong></span> <span class='ocrx_word' id='word_1_231' title='bbox 903 3320 1057 3361; x_wconf 88' lang='lat' dir='ltr'><strong>eum</strong></span> <span class='ocrx_word' id='word_1_232' title='bbox 1092 3296 1377 3362; x_wconf 74' lang='lat' dir='ltr'><strong>efficiat?</strong></span> <span class='ocrx_word' id='word_1_233' title='bbox 1423 3300 1841 3387; x_wconf 85' lang='lat' dir='ltr'><strong>Admodum,</strong></span> <span class='ocrx_word' id='word_1_234' title='bbox 1869 3307 2116 3393; x_wconf 85' lang='lat' dir='ltr'><strong>inquit,</strong></span> <span class='ocrx_word' id='word_1_235' title='bbox 2147 3331 2320 3392; x_wconf 85' lang='lat' dir='ltr'><strong>quae</strong></span> 
     </span>
     <span class='ocr_line' id='line_1_30' title="bbox 239 3400 2321 3481; baseline 0.004 -18"><span class='ocrx_word' id='word_1_236' title='bbox 239 3402 446 3470; x_wconf 85' lang='lat' dir='ltr'><strong>modo</strong></span> <span class='ocrx_word' id='word_1_237' title='bbox 474 3401 1156 3466; x_wconf 83' lang='lat' dir='ltr'><strong>commemoravimus</strong></span> <span class='ocrx_word' id='word_1_238' title='bbox 1185 3400 1434 3481; x_wconf 84' lang='lat' dir='ltr'><strong>omnia,</strong></span> <span class='ocrx_word' id='word_1_239' title='bbox 1453 3402 1769 3471; x_wconf 83' lang='lat' dir='ltr'><strong>iniustitia</strong></span> <span class='ocrx_word' id='word_1_240' title='bbox 1798 3422 1863 3471; x_wconf 86' lang='lat' dir='ltr'><strong>et</strong></span> <span class='ocrx_word' id='word_1_241' title='bbox 1887 3409 2321 3473; x_wconf 86' lang='lat' dir='ltr'><strong>incontinen-</strong></span> 
     </span>
     <span class='ocr_line' id='line_1_31' title="bbox 240 3497 2317 3591; baseline 0.003 -21"><span class='ocrx_word' id='word_1_242' title='bbox 240 3503 341 3570; x_wconf 88' lang='lat' dir='ltr'><strong>tia</strong></span> <span class='ocrx_word' id='word_1_243' title='bbox 375 3513 446 3565; x_wconf 83' lang='lat' dir='ltr'><strong>et</strong></span> <span class='ocrx_word' id='word_1_244' title='bbox 474 3500 736 3583; x_wconf 81' lang='lat' dir='ltr'><strong>ignavia</strong></span> <span class='ocrx_word' id='word_1_245' title='bbox 778 3515 844 3566; x_wconf 84' lang='lat' dir='ltr'><strong>et</strong></span> <span class='ocrx_word' id='word_1_246' title='bbox 872 3501 1146 3566; x_wconf 80' lang='lat' dir='ltr'><strong>inscitia.</strong></span> <span class='ocrx_word' id='word_1_247' title='bbox 1231 3504 1414 3576; x_wconf 84' lang='lat' dir='ltr'><strong>Num</strong></span> <span class='ocrx_word' id='word_1_248' title='bbox 1440 3505 1645 3591; x_wconf 87' lang='lat' dir='ltr'><strong>igitur</strong></span> <span class='ocrx_word' id='word_1_249' title='bbox 1685 3508 1936 3573; x_wconf 87' lang='lat' dir='ltr'><strong>horum</strong></span> <span class='ocrx_word' id='word_1_250' title='bbox 1968 3509 2124 3591; x_wconf 87' lang='lat' dir='ltr'><strong>quid</strong></span> <span class='ocrx_word' id='word_1_251' title='bbox 2158 3497 2317 3576; x_wconf 77' lang='lat' dir='ltr'><strong>euru</strong></span> 
     </span>
     <span class='ocr_line' id='line_1_32' title="bbox 241 3604 2319 3696; baseline 0.002 -25"><span class='ocrx_word' id='word_1_252' title='bbox 241 3605 552 3671; x_wconf 81' lang='lat' dir='ltr'><strong>dissolvit</strong></span> <span class='ocrx_word' id='word_1_253' title='bbox 588 3628 665 3669; x_wconf 88' lang='lat' dir='ltr'><strong>ac</strong></span> <span class='ocrx_word' id='word_1_254' title='bbox 713 3604 982 3689; x_wconf 81' lang='lat' dir='ltr'><strong>perdit?</strong></span> <span class='ocrx_word' id='word_1_255' title='bbox 1030 3616 1100 3670; x_wconf 88' lang='lat' dir='ltr'><strong>at</strong></span> <span class='ocrx_word' id='word_1_256' title='bbox 1126 3618 1363 3693; x_wconf 88' lang='lat' dir='ltr'><strong>reputa</strong></span> <span class='ocrx_word' id='word_1_257' title='bbox 1404 3629 1494 3671; x_wconf 82' lang='lat' dir='ltr'><strong>ne</strong></span> <span class='ocrx_word' id='word_1_258' title='bbox 1524 3611 1939 3696; x_wconf 84' lang='lat' dir='ltr'><strong>decipiamur</strong></span> <span class='ocrx_word' id='word_1_259' title='bbox 1973 3608 2319 3676; x_wconf 84' lang='lat' dir='ltr'><strong>arbitran-</strong></span> 
     </span>
     <span class='ocr_line' id='line_1_33' title="bbox 237 3706 2316 3798; baseline 0.002 -24"><span class='ocrx_word' id='word_1_260' title='bbox 237 3720 331 3774; x_wconf 77' lang='lat' dir='ltr'><strong>tes</strong></span> <span class='ocrx_word' id='word_1_261' title='bbox 365 3708 684 3774; x_wconf 87' lang='lat' dir='ltr'><strong>iniustum</strong></span> <span class='ocrx_word' id='word_1_262' title='bbox 716 3706 1058 3770; x_wconf 88' lang='lat' dir='ltr'><strong>hominem</strong></span> <span class='ocrx_word' id='word_1_263' title='bbox 1089 3708 1737 3792; x_wconf 79' lang='lat' dir='ltr'><strong>atqueinfipientem</strong></span> <span class='ocrx_word' id='word_1_264' title='bbox 1762 3754 1777 3782; x_wconf 88' lang='lat'><strong><em>‚</em></strong></span> <span class='ocrx_word' id='word_1_265' title='bbox 1829 3730 2041 3792; x_wconf 88' lang='lat' dir='ltr'><strong>quum</strong></span> <span class='ocrx_word' id='word_1_266' title='bbox 2072 3709 2316 3798; x_wconf 82' lang='lat' dir='ltr'><strong>depre-</strong></span> 
     </span>
     <span class='ocr_line' id='line_1_34' title="bbox 239 3807 2315 3906; baseline -0 -32"><span class='ocrx_word' id='word_1_267' title='bbox 239 3810 575 3875; x_wconf 86' lang='lat' dir='ltr'><strong>hendatur</strong></span> <span class='ocrx_word' id='word_1_268' title='bbox 602 3807 674 3874; x_wconf 87' lang='lat' dir='ltr'><strong>in</strong></span> <span class='ocrx_word' id='word_1_269' title='bbox 710 3808 1040 3886; x_wconf 83' lang='lat' dir='ltr'><strong>facinore,</strong></span> <span class='ocrx_word' id='word_1_270' title='bbox 1089 3819 1231 3873; x_wconf 88' lang='lat' dir='ltr'><strong>tum</strong></span> <span class='ocrx_word' id='word_1_271' title='bbox 1278 3810 1502 3893; x_wconf 86' lang='lat' dir='ltr'><strong>perire</strong></span> <span class='ocrx_word' id='word_1_272' title='bbox 1546 3812 1629 3875; x_wconf 86' lang='lat' dir='ltr'><strong>ab</strong></span> <span class='ocrx_word' id='word_1_273' title='bbox 1672 3809 2016 3888; x_wconf 81' lang='lat' dir='ltr'><strong>iniustitia,</strong></span> <span class='ocrx_word' id='word_1_274' title='bbox 2062 3814 2315 3906; x_wconf 70' lang='lat' dir='ltr'><strong>quippe</strong></span> 
     </span>
     <span class='ocr_line' id='line_1_35' title="bbox 238 3911 2312 4007; baseline 0.004 -30"><span class='ocrx_word' id='word_1_275' title='bbox 238 3914 447 3977; x_wconf 88' lang='lat' dir='ltr'><strong>animi</strong></span> <span class='ocrx_word' id='word_1_276' title='bbox 481 3911 850 3999; x_wconf 80' lang='lat' dir='ltr'><strong>pravitate,</strong></span> <span class='ocrx_word' id='word_1_277' title='bbox 893 3912 1005 3976; x_wconf 84' lang='lat' dir='ltr'><strong>sed</strong></span> <span class='ocrx_word' id='word_1_278' title='bbox 1037 3915 1130 3976; x_wconf 80' lang='lat' dir='ltr'><strong>ita</strong></span> <span class='ocrx_word' id='word_1_279' title='bbox 1174 3913 1428 3997; x_wconf 85' lang='lat' dir='ltr'><strong>specta:</strong></span> <span class='ocrx_word' id='word_1_280' title='bbox 1473 3912 2041 3998; x_wconf 82' lang='lat' dir='ltr'><strong>quemadmodum</strong></span> <span class='ocrx_word' id='word_1_281' title='bbox 2067 3938 2312 4007; x_wconf 82' lang='lat' dir='ltr'><strong>corpus</strong></span> 
     </span>
     <span class='ocr_line' id='line_1_36' title="bbox 235 4012 2311 4105; baseline 0.002 -25"><span class='ocrx_word' id='word_1_282' title='bbox 235 4016 534 4103; x_wconf 87' lang='lat' dir='ltr'><strong>pravitas</strong></span> <span class='ocrx_word' id='word_1_283' title='bbox 563 4015 866 4102; x_wconf 89' lang='lat' dir='ltr'><strong>corporis</strong></span> <span class='ocrx_word' id='word_1_284' title='bbox 905 4012 1020 4099; x_wconf 87' lang='lat' dir='ltr'><strong>qui</strong></span> <span class='ocrx_word' id='word_1_285' title='bbox 1053 4013 1330 4076; x_wconf 86' lang='lat' dir='ltr'><strong>morbus</strong></span> <span class='ocrx_word' id='word_1_286' title='bbox 1377 4014 1463 4074; x_wconf 90' lang='lat' dir='ltr'><strong>est</strong></span> <span class='ocrx_word' id='word_1_287' title='bbox 1490 4013 1829 4098; x_wconf 84' lang='lat' dir='ltr'><strong>liquefacit</strong></span> <span class='ocrx_word' id='word_1_288' title='bbox 1869 4024 1937 4079; x_wconf 85' lang='lat' dir='ltr'><strong>et</strong></span> <span class='ocrx_word' id='word_1_289' title='bbox 1976 4020 2195 4105; x_wconf 86' lang='lat' dir='ltr'><strong>perdit</strong></span> <span class='ocrx_word' id='word_1_290' title='bbox 2244 4033 2311 4083; x_wconf 89' lang='lat' dir='ltr'><strong>et</strong></span> 
     </span>
     <span class='ocr_line' id='line_1_37' title="bbox 239 4113 2307 4207; baseline 0 -27"><span class='ocrx_word' id='word_1_291' title='bbox 239 4140 315 4182; x_wconf 87' lang='lat' dir='ltr'><strong>eo</strong></span> <span class='ocrx_word' id='word_1_292' title='bbox 355 4117 625 4181; x_wconf 86' lang='lat' dir='ltr'><strong>adducit</strong></span> <span class='ocrx_word' id='word_1_293' title='bbox 655 4128 730 4181; x_wconf 89' lang='lat' dir='ltr'><strong>ut</strong></span> <span class='ocrx_word' id='word_1_294' title='bbox 776 4138 862 4180; x_wconf 85' lang='lat' dir='ltr'><strong>ne</strong></span> <span class='ocrx_word' id='word_1_295' title='bbox 896 4136 1140 4202; x_wconf 83' lang='lat' dir='ltr'><strong>corpus</strong></span> <span class='ocrx_word' id='word_1_296' title='bbox 1190 4113 1462 4206; x_wconf 79' lang='lat' dir='ltr'><strong>quidem</strong></span> <span class='ocrx_word' id='word_1_297' title='bbox 1498 4115 1614 4195; x_wconf 84' lang='lat' dir='ltr'><strong>fit,</strong></span> <span class='ocrx_word' id='word_1_298' title='bbox 1668 4130 1736 4183; x_wconf 86' lang='lat' dir='ltr'><strong>et</strong></span> <span class='ocrx_word' id='word_1_299' title='bbox 1765 4142 1937 4207; x_wconf 84' lang='lat' dir='ltr'><strong>quae</strong></span> <span class='ocrx_word' id='word_1_300' title='bbox 1962 4123 2159 4206; x_wconf 83' lang='lat' dir='ltr'><strong>supra</strong></span> <span class='ocrx_word' id='word_1_301' title='bbox 2195 4120 2307 4181; x_wconf 81' lang='lat' dir='ltr'><strong>di·</strong></span> 
     </span>
    </p>

    <p class='ocr_par' dir='ltr' id='par_1_6' title="bbox 320 4218 1895 4282">
     <span class='ocr_line' id='line_1_38' title="bbox 320 4218 1895 4282; baseline 0.005 -1"><span class='ocrx_word' id='word_1_302' title='bbox 320 4222 497 4282; x_wconf 88' lang='lat' dir='ltr'><strong>Tom.</strong></span> <span class='ocrx_word' id='word_1_303' title='bbox 548 4218 630 4282; x_wconf 83' lang='lat' dir='ltr'><strong>V.</strong></span> <span class='ocrx_word' id='word_1_304' title='bbox 1842 4219 1895 4280; x_wconf 81' lang='lat' dir='ltr'><strong>F</strong></span> 
     </span>
    </p>
   </div>
  </div>
 </body>
</html>
