2738 4600
1071 352 1605 444 TIMAEUS.
1699 438 1701 442 ἲ
2258 367 2379 448 189

191 611 202 620 ,
293 535 494 601 velut
538 517 978 597 instrumento
1007 505 1505 593 concussionem
1541 505 1899 606 efficiente,
1948 509 2382 597 dissimillima.

293 637 595 705 maxime
639 634 782 722 ipsa
833 653 872 694 a
919 619 987 693 se
1028 629 1409 707 secernere,
1471 629 1806 695 fimillima
1855 631 2018 697 vero
2074 634 2381 699 maxime

296 762 512 807 unum
544 738 868 803 inlocum
902 751 1175 818 cogere3
1219 732 1532 818 quocirca
1556 731 1759 824 ‘etiam
1780 779 1786 787 .
1807 732 1972 798 haec
1997 728 2125 801 alia
2164 737 2381 802 alium

294 848 524 913 locum
574 839 901 915 habeant,
946 845 1310 920 antequam
1356 833 1757 900 universitas
1800 855 1890 901 ex
1935 836 2018 901 iis
2059 838 2379 925 dispofita

243 997 247 1002 -
298 942 649 1013 exstiterit.
707 951 773 1005 et
810 950 965 1004 ante
1009 936 1283 1024 quidem
1332 935 1561 1001 omnia
1602 937 1767 1003 haec
1804 940 1997 1007 fuiffe
2038 963 2078 1005 a
2116 944 2380 1006 ratione

299 1050 531 1117 aversa
553 1059 624 1110 »et
650 1041 1126 1115 immoderata;
1179 1061 1392 1126 quum
1433 1051 1661 1105 autem
1694 1054 2013 1130 coeptum
2046 1048 2198 1109 effet
2235 1046 2379 1111 die-

299 1150 465 1243 poni
495 1146 884 1216 universum
906 1191 925 1226 ,
967 1141 1196 1234 ignem
1228 1144 1531 1229 primum
1560 1154 1625 1206 et
1653 1164 1897 1228 aquam
1928 1157 1996 1210 et
2028 1159 2279 1212 terram
2314 1160 2381 1212 et

297 1243 545 1332 aerem,
598 1248 859 1336 vestigia
902 1246 1228 1333 quaedam
1270 1256 1551 1310 naturae
1580 1245 1734 1310 suae
1775 1250 2105 1336 tenentia.
2165 1271 2381 1335 quum

294 1356 569 1445 prorsus
587 1351 870 1437 quidem
903 1350 996 1413 ita
1022 1358 1411 1433 comparata
1438 1344 1722 1423 fuissent,
1754 1360 1832 1415 ut
1858 1353 2380 1421 consentaneum

298 1461 384 1525 est
424 1478 629 1524 omne
679 1455 748 1517 se
788 1450 1037 1516 habere
1081 1471 1123 1513 a
1164 1468 1298 1532 quo
1342 1446 1506 1512 deus
1538 1448 1730 1530 absit,
1778 1462 1920 1518 tum
1956 1454 2231 1520 demum
2261 1457 2380 1521 illa

295 1560 392 1627 ita
413 1564 803 1643 comparata
837 1550 1070 1616 formis
1094 1560 1169 1613 et
1207 1550 1512 1648 numeris
1549 1565 1880 1620 exornata
1917 1556 2126 1622 fuisse.
2168 1581 2378 1644 quam

293 1657 761 1753 pulcherrime
790 1676 953 1719 vero
987 1666 1055 1719 et
1105 1651 1362 1743 optime
1409 1676 1499 1717 ex
1546 1677 1681 1718 non
1718 1655 1923 1720 ita·se
1971 1659 2378 1726 habentibus

298 1767 503 1832 deum
537 1783 619 1824 ea
642 1756 1113 1843 composuisse,
1159 1756 1291 1821 hoc
1332 1778 1456 1841 per
1485 1757 1717 1823 omnia
1759 1758 1949 1823 nobis
1995 1771 2070 1825 ut
2116 1754 2420 1844 semper'

297 1866 657 1934 dicendum
713 1859 998 1948 p‹·fitum
1062 1857 1218 1925 esto,
1322 1858 1521 1924 Nunc
1572 1870 1804 1924 autem
1861 1860 2380 1947 descriptionem

297 1993 539 2035 eorum
579 1964 969 2031 conandum
1018 1963 1107 2026 est
1145 1972 1515 2044 ortumque
1552 1960 1876 2047 cuiusque
1915 1962 2176 2027 insolita
2220 1987 2382 2029 ora-

296 2073 484 2137 tione
517 2066 704 2132 vobis
736 2065 1098 2131 declarare.
1125 2073 1200 2127 'at
1223 2063 1412 2128 -enim
1449 2084 1591 2143 vos,
1623 2084 1832 2148 quum
1864 2065 2205 2134 doctrinae
2237 2065 2378 2131 vias
2407 2131 2411 2136 ,

297 2170 615 2248 teneam,
666 2168 910 2254 quibus
949 2166 1340 2233 declaranda
1369 2165 1524 2232 sunt
1573 2165 1659 2231 de
1688 2167 1934 2253 quibus
1960 2168 2218 2257 agitur,
2263 2165 2378 2234 nie

296 2271 813 2360 consequemini.

447 2378 567 2444 ‘Ac
605 2370 904 2464 primum
950 2372 1222 2457 quidem
1267 2373 1496 2460 ignem
1532 2383 1599 2438 et
1634 2383 1888 2439 *terram
1924 2384 1992 2437 et
2030 2394 2272 2459 aquam
2312 2383 2378 2438 et

297 2472 526 2570 aefrem
575 2499 860 2567 corpora
911 2480 1067 2554 effe,
1127 2477 1559 2562 perspicuum
1600 2475 1758 2539 sane
1795 2474 2094 2539 cuilibet.
2158 2475 2379 2538 omnia

279 2572 466 2659 ,rere
493 2577 792 2663 corporis
822 2575 1040 2641 forma
1073 2576 1274 2640 etiam
1310 2575 1738 2640 atti-tudinem
1768 2574 1995 2656 habet,
2038 2585 2104 2639 et
2142 2574 2378 2640 altitu-

299 2687 390 2750 do
422 2702 729 2769 quaeque
759 2680 1031 2764 planam
1070 2689 1388 2741 naturam
1419 2676 1952 2764 comprehendat
1980 2683 2232 2745 neceffe
2263 2679 2376 2759 est3

295 2797 480 2856 :recta
525 2794 750 2848 autem
799 2780 997 2866 plana
1045 2777 1210 2842 bafis
1258 2799 1297 2840 e
1350 2775 1699 2863 triangulis
1738 2784 2095 2867 composita
2138 2783 2262 2861 est,
2308 2792 2378 2844 et

295 2888 638 2973 triangula
687 2882 914 2949 omnia
958 2903 996 2945 e
1033 2879 1297 2945 duobus
1339 2881 1697 2945 ordiuntur
1726 2882 2111 2970 trianguli3‚
2156 2905 2376 2949 unum

297 2990 571 3079 quidem
627 2995 888 3052 rectum
931 2993 1224 3069 utroque
1253 2981 1546 3047 habente
1587 2984 1939 3068 angulum,
1997 2987 2166 3050 duos
2203 3007 2376 3050 vero

298 3105 557 3162 acutos:
607 3110 902 3174 quorum
932 3087 1218 3151 alterum
1246 3085 1592 3172 utrimque
1619 3086 2112 3175 habet'partem
2147 3085 2377 3173 anguli
2405 3077 2409 3083 ’

298 3195 464 3264 recti
513 3191 901 3277 aequatibus
943 3188 1263 3253 lateribus
1302 3187 1523 3265 diviti,
1581 3188 1866 3254 alterum
1908 3173 2413 3277 inaequalibus'

295 3300 369 3366 in
396 3309 622 3386 partes
649 3292 1035 3383 inaequales
1061 3289 1414 3354 distributi.
1477 3282 1607 3355 hoe
1652 3290 1858 3376 igitur
1905 3293 2074 3379 ignis
2115 3286 2407 3378 princi-'⁷

294 3401 490 3490 pium
524 3408 1036 3480 ceterorumque
1072 3414 1432 3479 corporum
1475 3415 1810 3480 ponamus
1838 3396 2208 3460 orationem
2235 3412 2377 3454 non

296 3507 436 3569 fine.
470 3500 697 3584 aliqua
744 3497 1123 3562 necessitate
1164 3491 1582 3579 probabilem
1627 3496 2011 3581 sequente-⁵3
2074 3493 2177 3556 his
2209 3514 2375 3558 vero

298 3605 503 3671 etiam
545 3601 784 3665 altiora
823 3596 1153 3686 pnincipia
1196 3595 1361 3659 deus
1408 3597 1729 3683 perspicit
1772 3607 1839 3660 et
1869 3597 2173 3659 virorum
2218 3593 2380 3681 qui-

298 3726 588 3792 cumque
619 3702 737 3791 ipsi
766 3723 965 3766 carus
998 3702 1101 3763 est.
1195 3698 1483 3785 Oportet
1524 3698 1732 3785 igitur
1770 3696 1902 3763 dici
1949 3698 2172 3781 qualia
2214 3698 2388 3782 Pul-⁸.

299 3809 637 3875 cherrima
677 3825 962 3891 corpora
1009 3800 1261 3865 suerint
1304 3810 1665 3883 quattuor,
1726 3798 2055 3864 disfimilia
2096 3798 2377 3882 quidem

296 3911 476 3975 inter
508 3911 608 3986 se,
652 3906 747 3974 ita
775 3929 943 3973 vero
991 3913 1381 3988 comparata
1435 3910 1512 3964 ut
1555 3900 1876 3985 quaedam
1929 3900 2102 3964 inter
2139 3901 2202 3963 se
2234 3902 2378 3967 dis-

296 4015 637 4078 solvantur
684 4022 751 4076 et
792 4011 1163 4098 gignantur.
1219 4003 1350 4069 hoc
1397 4003 1577 4068 enim
1619 3999 1953 4088 assequuti
1994 4003 2375 4069 tenebimus

298 4137 538 4184 verum
581 4127 803 4202 terrae
843 4123 915 4179 et
951 4110 1120 4197 ignia
1152 4118 1224 4173 et
1253 4127 1492 4179 eorum
1521 4125 1694 4201 quae
1729 4128 1858 4196 pro
1881 4106 2192 4195 portione
2223 4125 2376 4179 me:-
