<?xml version="1.0" encoding="UTF-8"?>
<!DOCTYPE html PUBLIC "-//W3C//DTD XHTML 1.0 Transitional//EN"
    "http://www.w3.org/TR/xhtml1/DTD/xhtml1-transitional.dtd">
<html xmlns="http://www.w3.org/1999/xhtml" xml:lang="en" lang="en">
 <head>
  <title>
</title>
<meta http-equiv="Content-Type" content="text/html;charset=utf-8" />
  <meta name='ocr-system' content='tesseract 3.04.00' />
  <meta name='ocr-capabilities' content='ocr_page ocr_carea ocr_par ocr_line ocrx_word'/>
</head>
<body>
  <div class='ocr_page' id='page_1' title='image "./platonisquaeexs00astgoog_0161.png"; bbox 0 0 2738 4600; ppageno 0'>
   <div class='ocr_carea' id='block_1_1' title="bbox 1051 354 2353 435">
    <p class='ocr_par' dir='ltr' id='par_1_1' title="bbox 1051 354 2353 435">
     <span class='ocr_line' id='line_1_1' title="bbox 1051 354 2353 435; baseline 0.005 -6"><span class='ocrx_word' id='word_1_1' title='bbox 1051 361 1555 432; x_wconf 86' lang='lat' dir='ltr'><strong>TIMAEUS.</strong></span> <span class='ocrx_word' id='word_1_2' title='bbox 2228 354 2353 435; x_wconf 27' lang='lat'><strong>15²5</strong></span> 
     </span>
    </p>
   </div>
   <div class='ocr_carea' id='block_1_2' title="bbox 235 528 2409 4214">
    <p class='ocr_par' dir='ltr' id='par_1_2' title="bbox 235 528 2371 3907">
     <span class='ocr_line' id='line_1_2' title="bbox 438 528 2353 626; baseline 0.002 -25"><span class='ocrx_word' id='word_1_3' title='bbox 438 528 707 626; x_wconf 77' lang='lat' dir='ltr'><strong>Quum‘</strong></span> <span class='ocrx_word' id='word_1_4' title='bbox 704 548 873 600; x_wconf 80' lang='lat' dir='ltr'><strong>vero</strong></span> <span class='ocrx_word' id='word_1_5' title='bbox 905 533 1172 599; x_wconf 84' lang='lat' dir='ltr'><strong>moveri</strong></span> <span class='ocrx_word' id='word_1_6' title='bbox 1211 557 1289 600; x_wconf 91' lang='lat' dir='ltr'><strong>ac</strong></span> <span class='ocrx_word' id='word_1_7' title='bbox 1318 534 1566 601; x_wconf 82' lang='lat' dir='ltr'><strong>vivere</strong></span> <span class='ocrx_word' id='word_1_8' title='bbox 1553 532 2142 604; x_wconf 80' lang='lat' dir='ltr'><strong>animadvertisset</strong></span> <span class='ocrx_word' id='word_1_9' title='bbox 2170 537 2353 604; x_wconf 89' lang='lat' dir='ltr'><strong>sem-</strong></span> 
     </span>
     <span class='ocr_line' id='line_1_3' title="bbox 258 638 2355 747; baseline 0 -42"><span class='ocrx_word' id='word_1_10' title='bbox 258 639 689 731; x_wconf 80' lang='lat' dir='ltr'><strong>piternorum</strong></span> <span class='ocrx_word' id='word_1_11' title='bbox 734 638 1018 703; x_wconf 87' lang='lat' dir='ltr'><strong>deorum</strong></span> <span class='ocrx_word' id='word_1_12' title='bbox 1054 638 1486 704; x_wconf 79' lang='lat' dir='ltr'><strong>simulacrum</strong></span> <span class='ocrx_word' id='word_1_13' title='bbox 1542 639 1843 723; x_wconf 81' lang='lat' dir='ltr'><strong>genitum</strong></span> <span class='ocrx_word' id='word_1_14' title='bbox 1877 651 2065 725; x_wconf 86' lang='lat' dir='ltr'><strong>pater</strong></span> <span class='ocrx_word' id='word_1_15' title='bbox 2092 652 2153 703; x_wconf 75' lang='lat' dir='ltr'><strong>et</strong></span> <span class='ocrx_word' id='word_1_16' title='bbox 2185 664 2355 747; x_wconf 83' lang='lat' dir='ltr'><strong>pro-</strong></span> 
     </span>
     <span class='ocr_line' id='line_1_4' title="bbox 261 724 2355 839; baseline 0 -29"><span class='ocrx_word' id='word_1_17' title='bbox 261 756 563 818; x_wconf 83' lang='lat' dir='ltr'><strong>creator,</strong></span> <span class='ocrx_word' id='word_1_18' title='bbox 609 724 979 833; x_wconf 80' lang='lat' dir='ltr'><strong>oblectatus</strong></span> <span class='ocrx_word' id='word_1_19' title='bbox 1018 742 1108 804; x_wconf 89' lang='lat' dir='ltr'><strong>est</strong></span> <span class='ocrx_word' id='word_1_20' title='bbox 1135 739 1520 839; x_wconf 83' lang='lat' dir='ltr'><strong>laetitiaque</strong></span> <span class='ocrx_word' id='word_1_21' title='bbox 1552 738 1829 804; x_wconf 74' lang='lat' dir='ltr'><strong>aflectus</strong></span> <span class='ocrx_word' id='word_1_22' title='bbox 1857 741 2055 807; x_wconf 80' lang='lat' dir='ltr'><strong>etiam</strong></span> <span class='ocrx_word' id='word_1_23' title='bbox 2084 726 2355 826; x_wconf 73' lang='lat' dir='ltr'><strong>iim-ilius</strong></span> 
     </span>
     <span class='ocr_line' id='line_1_5' title="bbox 259 840 2355 935; baseline -0.001 -22"><span class='ocrx_word' id='word_1_24' title='bbox 259 845 577 935; x_wconf 79' lang='lat' dir='ltr'><strong>cogitavit</strong></span> <span class='ocrx_word' id='word_1_25' title='bbox 627 843 990 932; x_wconf 85' lang='lat' dir='ltr'><strong>exemplari</strong></span> <span class='ocrx_word' id='word_1_26' title='bbox 1042 840 1324 908; x_wconf 86' lang='lat' dir='ltr'><strong>efficere.</strong></span> <span class='ocrx_word' id='word_1_27' title='bbox 1364 841 1953 929; x_wconf 82' lang='lat' dir='ltr'>quemadmodum</span> <span class='ocrx_word' id='word_1_28' title='bbox 1984 843 2190 929; x_wconf 77' lang='lat' dir='ltr'><strong>igitur</strong></span> <span class='ocrx_word' id='word_1_29' title='bbox 2221 846 2355 911; x_wconf 84' lang='lat' dir='ltr'><strong>hoc</strong></span> 
     </span>
     <span class='ocr_line' id='line_1_6' title="bbox 260 943 2355 1031; baseline -0.001 -15"><span class='ocrx_word' id='word_1_30' title='bbox 260 962 412 1016; x_wconf 81' lang='lat' dir='ltr'><strong>erat</strong></span> <span class='ocrx_word' id='word_1_31' title='bbox 448 947 750 1015; x_wconf 77' lang='lat' dir='ltr'><strong>animans</strong></span> <span class='ocrx_word' id='word_1_32' title='bbox 778 944 1258 1031; x_wconf 80' lang='lat' dir='ltr'><strong>sempiternus,</strong></span> <span class='ocrx_word' id='word_1_33' title='bbox 1292 945 1390 1011; x_wconf 83' lang='lat' dir='ltr'><strong>ita</strong></span> <span class='ocrx_word' id='word_1_34' title='bbox 1418 946 1622 1010; x_wconf 83' lang='lat' dir='ltr'><strong>etiam</strong></span> <span class='ocrx_word' id='word_1_35' title='bbox 1651 943 1830 1010; x_wconf 89' lang='lat' dir='ltr'><strong>hano</strong></span> <span class='ocrx_word' id='word_1_36' title='bbox 1862 946 2355 1014; x_wconf 66' lang='lat' dir='ltr'><strong>universitatem</strong></span> 
     </span>
     <span class='ocr_line' id='line_1_7' title="bbox 259 1047 2359 1141; baseline -0.001 -24"><span class='ocrx_word' id='word_1_37' title='bbox 259 1076 396 1141; x_wconf 82' lang='lat' dir='ltr'><strong>pro</strong></span> <span class='ocrx_word' id='word_1_38' title='bbox 436 1050 689 1117; x_wconf 81' lang='lat' dir='ltr'><strong>viribus</strong></span> <span class='ocrx_word' id='word_1_39' title='bbox 729 1060 1004 1115; x_wconf 73' lang='lat' dir='ltr'><strong>conatus</strong></span> <span class='ocrx_word' id='word_1_40' title='bbox 1049 1050 1137 1113; x_wconf 87' lang='lat' dir='ltr'><strong>est</strong></span> <span class='ocrx_word' id='word_1_41' title='bbox 1178 1050 1383 1114; x_wconf 83' lang='lat' dir='ltr'><strong>talem</strong></span> <span class='ocrx_word' id='word_1_42' title='bbox 1421 1048 1781 1114; x_wconf 88' lang='lat' dir='ltr'><strong>absolvere.</strong></span> <span class='ocrx_word' id='word_1_43' title='bbox 1826 1047 1963 1113; x_wconf 91' lang='lat' dir='ltr'><strong>iam</strong></span> <span class='ocrx_word' id='word_1_44' title='bbox 1998 1049 2359 1115; x_wconf 71' lang='lat' dir='ltr'><strong>animantia</strong></span> 
     </span>
     <span class='ocr_line' id='line_1_8' title="bbox 263 1149 2364 1243; baseline -0.003 -23"><span class='ocrx_word' id='word_1_45' title='bbox 263 1155 541 1243; x_wconf 87' lang='lat' dir='ltr'><strong>quidem</strong></span> <span class='ocrx_word' id='word_1_46' title='bbox 584 1165 826 1218; x_wconf 83' lang='lat' dir='ltr'><strong>natura</strong></span> <span class='ocrx_word' id='word_1_47' title='bbox 873 1162 1021 1215; x_wconf 85' lang='lat' dir='ltr'><strong>erat</strong></span> <span class='ocrx_word' id='word_1_48' title='bbox 1059 1164 1369 1233; x_wconf 80' lang='lat' dir='ltr'><strong>aeterna3</strong></span> <span class='ocrx_word' id='word_1_49' title='bbox 1413 1152 1544 1217; x_wconf 86' lang='lat' dir='ltr'><strong>hoc</strong></span> <span class='ocrx_word' id='word_1_50' title='bbox 1584 1163 1829 1218; x_wconf 77' lang='lat' dir='ltr'><strong>autem.</strong></span> <span class='ocrx_word' id='word_1_51' title='bbox 1861 1149 1924 1214; x_wconf 92' lang='lat' dir='ltr'><strong>ei</strong></span> <span class='ocrx_word' id='word_1_52' title='bbox 1965 1150 2142 1239; x_wconf 89' lang='lat' dir='ltr'><strong>quod</strong></span> <span class='ocrx_word' id='word_1_53' title='bbox 2191 1174 2364 1239; x_wconf 82' lang='lat' dir='ltr'><strong>pro-</strong></span> 
     </span>
     <span class='ocr_line' id='line_1_9' title="bbox 267 1253 2361 1342; baseline -0.002 -18"><span class='ocrx_word' id='word_1_54' title='bbox 267 1270 565 1324; x_wconf 79' lang='lat' dir='ltr'><strong>creatum</strong></span> <span class='ocrx_word' id='word_1_55' title='bbox 610 1268 758 1321; x_wconf 79' lang='lat' dir='ltr'><strong>erat</strong></span> <span class='ocrx_word' id='word_1_56' title='bbox 801 1256 1076 1341; x_wconf 81' lang='lat' dir='ltr'><strong>prorsus</strong></span> <span class='ocrx_word' id='word_1_57' title='bbox 1129 1253 1399 1340; x_wconf 86' lang='lat' dir='ltr'><strong>adiungi</strong></span> <span class='ocrx_word' id='word_1_58' title='bbox 1441 1276 1583 1320; x_wconf 89' lang='lat' dir='ltr'><strong>non</strong></span> <span class='ocrx_word' id='word_1_59' title='bbox 1629 1265 1932 1341; x_wconf 80' lang='lat' dir='ltr'><strong>poterat3</strong></span> <span class='ocrx_word' id='word_1_60' title='bbox 1995 1253 2361 1342; x_wconf 81' lang='lat' dir='ltr'><strong>imaginem</strong></span> 
     </span>
     <span class='ocr_line' id='line_1_10' title="bbox 263 1354 2361 1447; baseline -0.002 -20"><span class='ocrx_word' id='word_1_61' title='bbox 263 1361 472 1447; x_wconf 82' lang='lat' dir='ltr'><strong>igitur</strong></span> <span class='ocrx_word' id='word_1_62' title='bbox 513 1357 833 1446; x_wconf 81' lang='lat' dir='ltr'><strong>cogitavit</strong></span> <span class='ocrx_word' id='word_1_63' title='bbox 876 1356 1200 1423; x_wconf 80' lang='lat' dir='ltr'>mobilem</span> <span class='ocrx_word' id='word_1_64' title='bbox 1243 1359 1582 1443; x_wconf 82' lang='lat' dir='ltr'><strong>quandam</strong></span> <span class='ocrx_word' id='word_1_65' title='bbox 1624 1356 2043 1423; x_wconf 69' lang='lat' dir='ltr'><strong>aeternitatis</strong></span> <span class='ocrx_word' id='word_1_66' title='bbox 2084 1354 2361 1442; x_wconf 63' lang='lat' dir='ltr'><strong>fingere,</strong></span> 
     </span>
     <span class='ocr_line' id='line_1_11' title="bbox 263 1456 2360 1548; baseline -0.004 -17"><span class='ocrx_word' id='word_1_67' title='bbox 263 1465 596 1548; x_wconf 66' lang='lat' dir='ltr'><strong>simulque</strong></span> <span class='ocrx_word' id='word_1_68' title='bbox 620 1461 884 1526; x_wconf 88' lang='lat' dir='ltr'><strong>caelum</strong></span> <span class='ocrx_word' id='word_1_69' title='bbox 915 1456 1231 1523; x_wconf 81' lang='lat' dir='ltr'><strong>ordinans</strong></span> <span class='ocrx_word' id='word_1_70' title='bbox 1265 1458 1427 1524; x_wconf 88' lang='lat' dir='ltr'><strong>facit</strong></span> <span class='ocrx_word' id='word_1_71' title='bbox 1461 1463 1791 1526; x_wconf 80' lang='lat' dir='ltr'><strong>manentis</strong></span> <span class='ocrx_word' id='word_1_72' title='bbox 1836 1459 2247 1527; x_wconf 77' lang='lat' dir='ltr'><strong>aeternitatis</strong></span> <span class='ocrx_word' id='word_1_73' title='bbox 2289 1458 2360 1523; x_wconf 88' lang='lat' dir='ltr'><strong>in</strong></span> 
     </span>
     <span class='ocr_line' id='line_1_12' title="bbox 263 1560 2363 1651; baseline -0.003 -19"><span class='ocrx_word' id='word_1_74' title='bbox 263 1590 409 1633; x_wconf 87' lang='lat' dir='ltr'><strong>uno</strong></span> <span class='ocrx_word' id='word_1_75' title='bbox 455 1576 807 1632; x_wconf 79' lang='lat' dir='ltr'><strong>aeternam</strong></span> <span class='ocrx_word' id='word_1_76' title='bbox 848 1560 1210 1646; x_wconf 84' lang='lat' dir='ltr'><strong>imaginem</strong></span> <span class='ocrx_word' id='word_1_77' title='bbox 1246 1584 1421 1647; x_wconf 83' lang='lat' dir='ltr'><strong>quae</strong></span> <span class='ocrx_word' id='word_1_78' title='bbox 1454 1585 1747 1628; x_wconf 79' lang='lat' dir='ltr'><strong>numero</strong></span> <span class='ocrx_word' id='word_1_79' title='bbox 1797 1563 2135 1639; x_wconf 81' lang='lat' dir='ltr'><strong>volvitur,</strong></span> <span class='ocrx_word' id='word_1_80' title='bbox 2179 1562 2363 1651; x_wconf 89' lang='lat' dir='ltr'><strong>quod</strong></span> 
     </span>
     <span class='ocr_line' id='line_1_13' title="bbox 264 1664 2366 1757; baseline -0.002 -24"><span class='ocrx_word' id='word_1_81' title='bbox 264 1668 551 1757; x_wconf 84' lang='lat' dir='ltr'><strong>quidem</strong></span> <span class='ocrx_word' id='word_1_82' title='bbox 597 1676 865 1751; x_wconf 85' lang='lat' dir='ltr'><strong>tempus</strong></span> <span class='ocrx_word' id='word_1_83' title='bbox 919 1664 1445 1732; x_wconf 75' lang='lat' dir='ltr'><strong>nominavimus.</strong></span> <span class='ocrx_word' id='word_1_84' title='bbox 1507 1664 1649 1730; x_wconf 90' lang='lat' dir='ltr'><strong>dies</strong></span> <span class='ocrx_word' id='word_1_85' title='bbox 1692 1665 1872 1730; x_wconf 90' lang='lat' dir='ltr'><strong>enim</strong></span> <span class='ocrx_word' id='word_1_86' title='bbox 1916 1677 1981 1729; x_wconf 88' lang='lat' dir='ltr'><strong>et</strong></span> <span class='ocrx_word' id='word_1_87' title='bbox 2020 1675 2253 1731; x_wconf 72' lang='lat' dir='ltr'><strong>noctes</strong></span> <span class='ocrx_word' id='word_1_88' title='bbox 2295 1674 2366 1728; x_wconf 82' lang='lat' dir='ltr'><strong>et</strong></span> 
     </span>
     <span class='ocr_line' id='line_1_14' title="bbox 265 1764 2367 1854; baseline -0.006 -15"><span class='ocrx_word' id='word_1_89' title='bbox 265 1773 533 1840; x_wconf 80' lang='lat' dir='ltr'><strong>menses</strong></span> <span class='ocrx_word' id='word_1_90' title='bbox 559 1780 626 1833; x_wconf 85' lang='lat' dir='ltr'><strong>et</strong></span> <span class='ocrx_word' id='word_1_91' title='bbox 651 1765 813 1832; x_wconf 89' lang='lat' dir='ltr'><strong>anni</strong></span> <span class='ocrx_word' id='word_1_92' title='bbox 840 1787 1052 1852; x_wconf 88' lang='lat' dir='ltr'><strong>quum</strong></span> <span class='ocrx_word' id='word_1_93' title='bbox 1081 1779 1236 1832; x_wconf 84' lang='lat' dir='ltr'><strong>ante</strong></span> <span class='ocrx_word' id='word_1_94' title='bbox 1261 1768 1519 1832; x_wconf 83' lang='lat' dir='ltr'><strong>caelum</strong></span> <span class='ocrx_word' id='word_1_95' title='bbox 1554 1777 1988 1854; x_wconf 79' lang='lat' dir='ltr'><strong>procreatum</strong></span> <span class='ocrx_word' id='word_1_96' title='bbox 2016 1789 2151 1831; x_wconf 82' lang='lat' dir='ltr'><strong>non</strong></span> <span class='ocrx_word' id='word_1_97' title='bbox 2191 1764 2367 1831; x_wconf 84' lang='lat' dir='ltr'><strong>fuis-</strong></span> 
     </span>
     <span class='ocr_line' id='line_1_15' title="bbox 267 1866 2366 1947; baseline -0.002 -11"><span class='ocrx_word' id='word_1_98' title='bbox 267 1877 454 1947; x_wconf 75' lang='lat' dir='ltr'><strong>sent,</strong></span> <span class='ocrx_word' id='word_1_99' title='bbox 499 1885 644 1935; x_wconf 79' lang='lat' dir='ltr'><strong>tum</strong></span> <span class='ocrx_word' id='word_1_100' title='bbox 674 1870 867 1934; x_wconf 89' lang='lat' dir='ltr'><strong>fimul</strong></span> <span class='ocrx_word' id='word_1_101' title='bbox 906 1867 1268 1938; x_wconf 68' lang='lat' dir='ltr'><strong>oumilliue</strong></span> <span class='ocrx_word' id='word_1_102' title='bbox 1319 1866 1811 1934; x_wconf 78' lang='lat' dir='ltr'><strong>constructione</strong></span> <span class='ocrx_word' id='word_1_103' title='bbox 1858 1878 2091 1932; x_wconf 74' lang='lat' dir='ltr'><strong>eorum</strong></span> <span class='ocrx_word' id='word_1_104' title='bbox 2135 1878 2366 1931; x_wconf 87' lang='lat' dir='ltr'><strong>ortum</strong></span> 
     </span>
     <span class='ocr_line' id='line_1_16' title="bbox 267 1970 2369 2061; baseline -0.003 -18"><span class='ocrx_word' id='word_1_105' title='bbox 267 1975 716 2044; x_wconf 77' lang='lat' dir='ltr'><strong>machinatur.</strong></span> <span class='ocrx_word' id='word_1_106' title='bbox 762 1972 931 2036; x_wconf 88' lang='lat' dir='ltr'><strong>haec</strong></span> <span class='ocrx_word' id='word_1_107' title='bbox 965 1981 1193 2034; x_wconf 75' lang='lat' dir='ltr'><strong>autem</strong></span> <span class='ocrx_word' id='word_1_108' title='bbox 1231 1970 1463 2035; x_wconf 87' lang='lat' dir='ltr'><strong>omnia</strong></span> <span class='ocrx_word' id='word_1_109' title='bbox 1505 1981 1728 2061; x_wconf 83' lang='lat' dir='ltr'><strong>partes</strong></span> <span class='ocrx_word' id='word_1_110' title='bbox 1760 1971 2090 2058; x_wconf 69' lang='lat' dir='ltr'><strong>temporie</strong></span> <span class='ocrx_word' id='word_1_111' title='bbox 2114 1982 2183 2035; x_wconf 83' lang='lat' dir='ltr'><strong>et</strong></span> <span class='ocrx_word' id='word_1_112' title='bbox 2216 1981 2369 2039; x_wconf 77' lang='lat' dir='ltr'><strong>erat</strong></span> 
     </span>
     <span class='ocr_line' id='line_1_17' title="bbox 267 2072 2365 2161; baseline -0.004 -15"><span class='ocrx_word' id='word_1_113' title='bbox 267 2083 317 2147; x_wconf 85' lang='lat' dir='ltr'><strong>fi</strong></span> <span class='ocrx_word' id='word_1_114' title='bbox 362 2079 644 2143; x_wconf 72' lang='lat' dir='ltr'><strong>dicimus</strong></span> <span class='ocrx_word' id='word_1_115' title='bbox 691 2086 760 2140; x_wconf 85' lang='lat' dir='ltr'><strong>et</strong></span> <span class='ocrx_word' id='word_1_116' title='bbox 807 2075 980 2153; x_wconf 80' lang='lat' dir='ltr'><strong>erit,</strong></span> <span class='ocrx_word' id='word_1_117' title='bbox 1041 2073 1360 2161; x_wconf 79' lang='lat' dir='ltr'><strong>temporis</strong></span> <span class='ocrx_word' id='word_1_118' title='bbox 1405 2085 1806 2160; x_wconf 71' lang='lat' dir='ltr'><strong>procreatae</strong></span> <span class='ocrx_word' id='word_1_119' title='bbox 1857 2072 2138 2160; x_wconf 71' lang='lat' dir='ltr'><strong>species,</strong></span> <span class='ocrx_word' id='word_1_120' title='bbox 2197 2093 2365 2158; x_wconf 71' lang='lat' dir='ltr'><strong>quau</strong></span> 
     </span>
     <span class='ocr_line' id='line_1_18' title="bbox 235 2174 2367 2269; baseline -0.002 -24"><span class='ocrx_word' id='word_1_121' title='bbox 235 2186 239 2190; x_wconf 80' lang='grc'><em>’</em></span> <span class='ocrx_word' id='word_1_122' title='bbox 270 2181 549 2269; x_wconf 86' lang='lat' dir='ltr'><strong>quidem</strong></span> <span class='ocrx_word' id='word_1_123' title='bbox 566 2177 910 2244; x_wconf 82' lang='lat' dir='ltr'><strong>inscientes</strong></span> <span class='ocrx_word' id='word_1_124' title='bbox 946 2174 1413 2241; x_wconf 76' lang='lat' dir='ltr'><strong>transferimus</strong></span> <span class='ocrx_word' id='word_1_125' title='bbox 1448 2177 1516 2241; x_wconf 90' lang='lat' dir='ltr'><strong>in</strong></span> <span class='ocrx_word' id='word_1_126' title='bbox 1534 2175 2013 2263; x_wconf 86' lang='lat' dir='ltr'><strong>sempiternam</strong></span> <span class='ocrx_word' id='word_1_127' title='bbox 2050 2187 2367 2241; x_wconf 81' lang='lat' dir='ltr'><strong>naturam</strong></span> 
     </span>
     <span class='ocr_line' id='line_1_19' title="bbox 270 2277 2365 2363; baseline -0.003 -12"><span class='ocrx_word' id='word_1_128' title='bbox 270 2284 457 2352; x_wconf 83' lang='lat' dir='ltr'><strong>hand</strong></span> <span class='ocrx_word' id='word_1_129' title='bbox 488 2292 712 2363; x_wconf 77' lang='lat' dir='ltr'><strong>recte3</strong></span> <span class='ocrx_word' id='word_1_130' title='bbox 757 2279 1042 2347; x_wconf 78' lang='lat' dir='ltr'><strong>dicimus</strong></span> <span class='ocrx_word' id='word_1_131' title='bbox 1075 2278 1389 2346; x_wconf 86' lang='lat' dir='ltr'><strong>videlicet</strong></span> <span class='ocrx_word' id='word_1_132' title='bbox 1428 2300 1575 2346; x_wconf 88' lang='lat' dir='ltr'><strong>eam</strong></span> <span class='ocrx_word' id='word_1_133' title='bbox 1604 2277 1799 2344; x_wconf 81' lang='lat' dir='ltr'><strong>fuiffe</strong></span> <span class='ocrx_word' id='word_1_134' title='bbox 1832 2290 1897 2343; x_wconf 84' lang='lat' dir='ltr'><strong>et</strong></span> <span class='ocrx_word' id='word_1_135' title='bbox 1928 2284 2055 2347; x_wconf 83' lang='lat' dir='ltr'><strong>effe</strong></span> <span class='ocrx_word' id='word_1_136' title='bbox 2085 2290 2155 2344; x_wconf 83' lang='lat' dir='ltr'><strong>et·</strong></span> <span class='ocrx_word' id='word_1_137' title='bbox 2179 2277 2365 2344; x_wconf 79' lang='lat' dir='ltr'><strong>futu·</strong></span> 
     </span>
     <span class='ocr_line' id='line_1_20' title="bbox 273 2378 2368 2475; baseline -0.006 -20"><span class='ocrx_word' id='word_1_138' title='bbox 273 2410 424 2455; x_wconf 81' lang='lat' dir='ltr'><strong>ram</strong></span> <span class='ocrx_word' id='word_1_139' title='bbox 469 2391 629 2462; x_wconf 81' lang='lat' dir='ltr'><strong>effe,</strong></span> <span class='ocrx_word' id='word_1_140' title='bbox 673 2406 879 2469; x_wconf 89' lang='lat' dir='ltr'><strong>quum</strong></span> <span class='ocrx_word' id='word_1_141' title='bbox 910 2378 1043 2475; x_wconf 66' lang='lat' dir='ltr'><strong>effe</strong></span> <span class='ocrx_word' id='word_1_142' title='bbox 1085 2393 1351 2447; x_wconf 85' lang='lat' dir='ltr'><strong>tantum</strong></span> <span class='ocrx_word' id='word_1_143' title='bbox 1395 2405 1477 2445; x_wconf 85' lang='lat' dir='ltr'><strong>ex</strong></span> <span class='ocrx_word' id='word_1_144' title='bbox 1520 2405 1684 2447; x_wconf 87' lang='lat' dir='ltr'><strong>vera</strong></span> <span class='ocrx_word' id='word_1_145' title='bbox 1727 2382 1991 2448; x_wconf 84' lang='lat' dir='ltr'><strong>ratione</strong></span> <span class='ocrx_word' id='word_1_146' title='bbox 2019 2380 2084 2446; x_wconf 89' lang='lat' dir='ltr'><strong>ei</strong></span> <span class='ocrx_word' id='word_1_147' title='bbox 2112 2403 2368 2444; x_wconf 87' lang='lat' dir='ltr'><strong>conve-</strong></span> 
     </span>
     <span class='ocr_line' id='line_1_21' title="bbox 275 2480 2370 2580; baseline -0.005 -24"><span class='ocrx_word' id='word_1_148' title='bbox 275 2490 450 2563; x_wconf 80' lang='lat' dir='ltr'><strong>niat,</strong></span> <span class='ocrx_word' id='word_1_149' title='bbox 482 2483 702 2580; x_wconf 68' lang='lat' dir='ltr'><strong>suffe</strong></span> <span class='ocrx_word' id='word_1_150' title='bbox 731 2499 954 2551; x_wconf 77' lang='lat' dir='ltr'><strong>autem</strong></span> <span class='ocrx_word' id='word_1_151' title='bbox 1007 2496 1075 2548; x_wconf 85' lang='lat' dir='ltr'><strong>et</strong></span> <span class='ocrx_word' id='word_1_152' title='bbox 1098 2483 1267 2573; x_wconf 79' lang='lat' dir='ltr'><strong>fore</strong></span> <span class='ocrx_word' id='word_1_153' title='bbox 1308 2486 1382 2550; x_wconf 88' lang='lat' dir='ltr'><strong>in</strong></span> <span class='ocrx_word' id='word_1_154' title='bbox 1424 2507 1503 2548; x_wconf 91' lang='lat' dir='ltr'><strong>eo</strong></span> <span class='ocrx_word' id='word_1_155' title='bbox 1547 2484 1907 2555; x_wconf 84' lang='lat' dir='ltr'><strong>dicendum</strong></span> <span class='ocrx_word' id='word_1_156' title='bbox 1953 2483 2030 2545; x_wconf 81' lang='lat' dir='ltr'><strong>fit</strong></span> <span class='ocrx_word' id='word_1_157' title='bbox 2067 2482 2253 2566; x_wconf 86' lang='lat' dir='ltr'><strong>quod</strong></span> <span class='ocrx_word' id='word_1_158' title='bbox 2297 2480 2370 2547; x_wconf 87' lang='lat' dir='ltr'><strong>in</strong></span> 
     </span>
     <span class='ocr_line' id='line_1_22' title="bbox 275 2582 2369 2684; baseline -0.002 -30"><span class='ocrx_word' id='word_1_159' title='bbox 275 2601 583 2684; x_wconf 77' lang='lat' dir='ltr'><strong>tempore</strong></span> <span class='ocrx_word' id='word_1_160' title='bbox 612 2601 838 2654; x_wconf 84' lang='lat' dir='ltr'><strong>ortum</strong></span> <span class='ocrx_word' id='word_1_161' title='bbox 868 2574 1383 2673; x_wconf 81' lang='lat' dir='ltr'><strong>progrediatur3</strong></span> <span class='ocrx_word' id='word_1_162' title='bbox 1421 2598 1644 2650; x_wconf 74' lang='lat' dir='ltr'><strong>motus</strong></span> <span class='ocrx_word' id='word_1_163' title='bbox 1679 2582 1861 2648; x_wconf 87' lang='lat' dir='ltr'><strong>enim</strong></span> <span class='ocrx_word' id='word_1_164' title='bbox 1895 2584 2169 2676; x_wconf 81' lang='lat' dir='ltr'><strong>utrique</strong></span> <span class='ocrx_word' id='word_1_165' title='bbox 2194 2586 2369 2665; x_wconf 84' lang='lat' dir='ltr'><strong>sunt,</strong></span> 
     </span>
     <span class='ocr_line' id='line_1_23' title="bbox 273 2685 2370 2777; baseline -0.003 -18"><span class='ocrx_word' id='word_1_166' title='bbox 273 2691 348 2760; x_wconf 89' lang='lat' dir='ltr'><strong>id</strong></span> <span class='ocrx_word' id='word_1_167' title='bbox 386 2714 547 2755; x_wconf 72' lang='lat' dir='ltr'><strong>velo</strong></span> <span class='ocrx_word' id='word_1_168' title='bbox 580 2690 756 2775; x_wconf 86' lang='lat' dir='ltr'><strong>quod</strong></span> <span class='ocrx_word' id='word_1_169' title='bbox 790 2691 1052 2777; x_wconf 81' lang='lat' dir='ltr'><strong>semper</strong></span> <span class='ocrx_word' id='word_1_170' title='bbox 1078 2711 1220 2754; x_wconf 90' lang='lat' dir='ltr'><strong>uno</strong></span> <span class='ocrx_word' id='word_1_171' title='bbox 1249 2701 1318 2751; x_wconf 86' lang='lat' dir='ltr'><strong>et</strong></span> <span class='ocrx_word' id='word_1_172' title='bbox 1352 2688 1588 2753; x_wconf 87' lang='lat' dir='ltr'><strong>eodem</strong></span> <span class='ocrx_word' id='word_1_173' title='bbox 1622 2688 1783 2751; x_wconf 78' lang='lat' dir='ltr'><strong>statu</strong></span> <span class='ocrx_word' id='word_1_174' title='bbox 1816 2697 1881 2750; x_wconf 85' lang='lat' dir='ltr'><strong>et</strong></span> <span class='ocrx_word' id='word_1_175' title='bbox 1910 2685 2255 2754; x_wconf 85' lang='lat' dir='ltr'><strong>immobile</strong></span> <span class='ocrx_word' id='word_1_176' title='bbox 2279 2690 2370 2753; x_wconf 79' lang='lat' dir='ltr'><strong>est</strong></span> 
     </span>
     <span class='ocr_line' id='line_1_24' title="bbox 275 2788 2367 2879; baseline -0.003 -18"><span class='ocrx_word' id='word_1_177' title='bbox 275 2815 504 2878; x_wconf 84' lang='lat' dir='ltr'><strong>:neque</strong></span> <span class='ocrx_word' id='word_1_178' title='bbox 531 2792 874 2878; x_wconf 80' lang='lat' dir='ltr'><strong>antiquius</strong></span> <span class='ocrx_word' id='word_1_179' title='bbox 920 2814 1136 2879; x_wconf 86' lang='lat' dir='ltr'><strong>neque</strong></span> <span class='ocrx_word' id='word_1_180' title='bbox 1167 2790 1501 2856; x_wconf 83' lang='lat' dir='ltr'><strong>recentius</strong></span> <span class='ocrx_word' id='word_1_181' title='bbox 1535 2792 1744 2877; x_wconf 86' lang='lat' dir='ltr'><strong>potest</strong></span> <span class='ocrx_word' id='word_1_182' title='bbox 1774 2788 1917 2855; x_wconf 89' lang='lat' dir='ltr'><strong>fieri</strong></span> <span class='ocrx_word' id='word_1_183' title='bbox 1941 2814 2066 2879; x_wconf 87' lang='lat' dir='ltr'><strong>per</strong></span> <span class='ocrx_word' id='word_1_184' title='bbox 2099 2802 2367 2871; x_wconf 79' lang='lat' dir='ltr'><strong>tempus</strong></span> 
     </span>
     <span class='ocr_line' id='line_1_25' title="bbox 277 2892 2370 2983; baseline -0.002 -20"><span class='ocrx_word' id='word_1_185' title='bbox 277 2917 504 2981; x_wconf 86' lang='lat' dir='ltr'><strong>neque</strong></span> <span class='ocrx_word' id='word_1_186' title='bbox 528 2893 780 2960; x_wconf 86' lang='lat' dir='ltr'><strong>factum</strong></span> <span class='ocrx_word' id='word_1_187' title='bbox 811 2899 937 2960; x_wconf 86' lang='lat' dir='ltr'><strong>effe</strong></span> <span class='ocrx_word' id='word_1_188' title='bbox 960 2894 1325 2979; x_wconf 84' lang='lat' dir='ltr'><strong>aliquando</strong></span> <span class='ocrx_word' id='word_1_189' title='bbox 1366 2914 1587 2979; x_wconf 88' lang='lat' dir='ltr'><strong>neque</strong></span> <span class='ocrx_word' id='word_1_190' title='bbox 1611 2916 1792 2959; x_wconf 89' lang='lat' dir='ltr'><strong>nunc</strong></span> <span class='ocrx_word' id='word_1_191' title='bbox 1833 2892 2132 2983; x_wconf 87' lang='lat' dir='ltr'><strong>primum</strong></span> <span class='ocrx_word' id='word_1_192' title='bbox 2170 2894 2370 2959; x_wconf 83' lang='lat' dir='ltr'><strong>exsti-</strong></span> 
     </span>
     <span class='ocr_line' id='line_1_26' title="bbox 281 2996 2368 3085; baseline -0.004 -19"><span class='ocrx_word' id='word_1_193' title='bbox 281 3002 423 3066; x_wconf 82' lang='lat' dir='ltr'><strong>tiffe</strong></span> <span class='ocrx_word' id='word_1_194' title='bbox 454 3021 677 3085; x_wconf 89' lang='lat' dir='ltr'><strong>neque</strong></span> <span class='ocrx_word' id='word_1_195' title='bbox 702 2998 774 3063; x_wconf 86' lang='lat' dir='ltr'><strong>in</strong></span> <span class='ocrx_word' id='word_1_196' title='bbox 808 3000 1145 3085; x_wconf 88' lang='lat' dir='ltr'><strong>posterum</strong></span> <span class='ocrx_word' id='word_1_197' title='bbox 1178 2998 1490 3065; x_wconf 84' lang='lat' dir='ltr'><strong>futurum</strong></span> <span class='ocrx_word' id='word_1_198' title='bbox 1528 3002 1655 3062; x_wconf 83' lang='lat' dir='ltr'><strong>effe</strong></span> <span class='ocrx_word' id='word_1_199' title='bbox 1684 3018 1904 3082; x_wconf 87' lang='lat' dir='ltr'><strong>neque</strong></span> <span class='ocrx_word' id='word_1_200' title='bbox 1949 2996 2230 3062; x_wconf 88' lang='lat' dir='ltr'><strong>omnino</strong></span> <span class='ocrx_word' id='word_1_201' title='bbox 2262 3017 2368 3059; x_wconf 88' lang='lat' dir='ltr'><strong>eo·</strong></span> 
     </span>
     <span class='ocr_line' id='line_1_27' title="bbox 281 3099 2367 3190; baseline -0.004 -21"><span class='ocrx_word' id='word_1_202' title='bbox 281 3124 441 3169; x_wconf 85' lang='lat' dir='ltr'><strong>rum</strong></span> <span class='ocrx_word' id='word_1_203' title='bbox 474 3100 837 3185; x_wconf 84' lang='lat' dir='ltr'><strong>quicquam</strong></span> <span class='ocrx_word' id='word_1_204' title='bbox 869 3102 939 3166; x_wconf 89' lang='lat' dir='ltr'><strong>in</strong></span> <span class='ocrx_word' id='word_1_205' title='bbox 965 3101 1187 3189; x_wconf 70' lang='lat' dir='ltr'><strong>ipsum</strong></span> <span class='ocrx_word' id='word_1_206' title='bbox 1225 3100 1405 3190; x_wconf 70' lang='lat' dir='ltr'><strong>cadit</strong></span> <span class='ocrx_word' id='word_1_207' title='bbox 1433 3122 1899 3188; x_wconf 87' lang='lat' dir='ltr'><strong>quaecumque</strong></span> <span class='ocrx_word' id='word_1_208' title='bbox 1945 3109 2132 3163; x_wconf 75' lang='lat' dir='ltr'><strong>ortus</strong></span> <span class='ocrx_word' id='word_1_209' title='bbox 2165 3099 2367 3162; x_wconf 78' lang='lat' dir='ltr'><strong>rebus</strong></span> 
     </span>
     <span class='ocr_line' id='line_1_28' title="bbox 283 3201 2371 3290; baseline -0.002 -20"><span class='ocrx_word' id='word_1_210' title='bbox 283 3204 494 3270; x_wconf 75' lang='lat' dir='ltr'><strong>sensui</strong></span> <span class='ocrx_word' id='word_1_211' title='bbox 531 3203 1036 3272; x_wconf 73' lang='lat' dir='ltr'><strong>obversantibus</strong></span> <span class='ocrx_word' id='word_1_212' title='bbox 1074 3202 1388 3269; x_wconf 84' lang='lat' dir='ltr'><strong>adiunxit</strong></span> <span class='ocrx_word' id='word_1_213' title='bbox 1411 3253 1429 3288; x_wconf 84' lang='lat'>,</span> <span class='ocrx_word' id='word_1_214' title='bbox 1473 3204 1581 3268; x_wconf 86' lang='lat' dir='ltr'><strong>sed</strong></span> <span class='ocrx_word' id='word_1_215' title='bbox 1625 3201 1950 3290; x_wconf 73' lang='lat' dir='ltr'><strong>temporis</strong></span> <span class='ocrx_word' id='word_1_216' title='bbox 1977 3201 2106 3267; x_wconf 85' lang='lat' dir='ltr'><strong>hae</strong></span> <span class='ocrx_word' id='word_1_217' title='bbox 2145 3212 2371 3266; x_wconf 79' lang='lat' dir='ltr'><strong>aeter-</strong></span> 
     </span>
     <span class='ocr_line' id='line_1_29' title="bbox 282 3300 2368 3374; baseline -0.004 -1"><span class='ocrx_word' id='word_1_218' title='bbox 282 3308 566 3373; x_wconf 86' lang='lat' dir='ltr'><strong>nitatem</strong></span> <span class='ocrx_word' id='word_1_219' title='bbox 592 3305 915 3371; x_wconf 82' lang='lat' dir='ltr'><strong>imitantis</strong></span> <span class='ocrx_word' id='word_1_220' title='bbox 949 3317 1016 3371; x_wconf 87' lang='lat' dir='ltr'><strong>et</strong></span> <span class='ocrx_word' id='word_1_221' title='bbox 1039 3329 1329 3371; x_wconf 86' lang='lat' dir='ltr'><strong>numero</strong></span> <span class='ocrx_word' id='word_1_222' title='bbox 1358 3309 1425 3370; x_wconf 89' lang='lat' dir='ltr'><strong>se</strong></span> <span class='ocrx_word' id='word_1_223' title='bbox 1451 3305 1779 3374; x_wconf 78' lang='lat' dir='ltr'><strong>volventis</strong></span> <span class='ocrx_word' id='word_1_224' title='bbox 1811 3303 2207 3371; x_wconf 82' lang='lat' dir='ltr'><strong>exstiterunt</strong></span> <span class='ocrx_word' id='word_1_225' title='bbox 2233 3300 2368 3366; x_wconf 85' lang='lat' dir='ltr'><strong>for-</strong></span> 
     </span>
     <span class='ocr_line' id='line_1_30' title="bbox 236 3403 2371 3498; baseline -0.007 -19"><span class='ocrx_word' id='word_1_226' title='bbox 236 3427 489 3479; x_wconf 77' lang='lat' dir='ltr'><strong>&#39;mae..</strong></span> <span class='ocrx_word' id='word_1_227' title='bbox 524 3420 591 3474; x_wconf 87' lang='lat' dir='ltr'><strong>et</strong></span> <span class='ocrx_word' id='word_1_228' title='bbox 644 3420 988 3497; x_wconf 74' lang='lat' dir='ltr'><strong>praeterea</strong></span> <span class='ocrx_word' id='word_1_229' title='bbox 1038 3431 1301 3497; x_wconf 89' lang='lat' dir='ltr'><strong>quoque</strong></span> <span class='ocrx_word' id='word_1_230' title='bbox 1353 3410 1551 3475; x_wconf 79' lang='lat' dir='ltr'><strong>haec:</strong></span> <span class='ocrx_word' id='word_1_231' title='bbox 1614 3408 1871 3474; x_wconf 84' lang='lat' dir='ltr'><strong>factum</strong></span> <span class='ocrx_word' id='word_1_232' title='bbox 1916 3404 2047 3498; x_wconf 65' lang='lat' dir='ltr'><strong>effe</strong></span> <span class='ocrx_word' id='word_1_233' title='bbox 2094 3403 2371 3478; x_wconf 83' lang='lat' dir='ltr'><strong>factum,</strong></span> 
     </span>
     <span class='ocr_line' id='line_1_31' title="bbox 284 3504 2369 3601; baseline -0.003 -26"><span class='ocrx_word' id='word_1_234' title='bbox 284 3511 464 3599; x_wconf 85' lang='lat' dir='ltr'><strong>quod</strong></span> <span class='ocrx_word' id='word_1_235' title='bbox 497 3508 615 3574; x_wconf 82' lang='lat' dir='ltr'><strong>fiat</strong></span> <span class='ocrx_word' id='word_1_236' title='bbox 641 3508 772 3601; x_wconf 84' lang='lat' dir='ltr'><strong>effe</strong></span> <span class='ocrx_word' id='word_1_237' title='bbox 803 3510 868 3575; x_wconf 85' lang='lat' dir='ltr'><strong>id</strong></span> <span class='ocrx_word' id='word_1_238' title='bbox 901 3512 1080 3596; x_wconf 88' lang='lat' dir='ltr'><strong>quod</strong></span> <span class='ocrx_word' id='word_1_239' title='bbox 1108 3511 1256 3593; x_wconf 87' lang='lat' dir='ltr'><strong>fiat,</strong></span> <span class='ocrx_word' id='word_1_240' title='bbox 1302 3535 1509 3601; x_wconf 84' lang='lat' dir='ltr'><strong>porro</strong></span> <span class='ocrx_word' id='word_1_241' title='bbox 1549 3505 2024 3597; x_wconf 37' lang='lat' dir='ltr'><strong>futurum-esse</strong></span> <span class='ocrx_word' id='word_1_242' title='bbox 2059 3504 2369 3569; x_wconf 79' lang='lat' dir='ltr'><strong>futurum</strong></span> 
     </span>
     <span class='ocr_line' id='line_1_32' title="bbox 285 3608 2370 3705; baseline -0.005 -25"><span class='ocrx_word' id='word_1_243' title='bbox 285 3626 355 3680; x_wconf 87' lang='lat' dir='ltr'><strong>et</strong></span> <span class='ocrx_word' id='word_1_244' title='bbox 384 3611 565 3699; x_wconf 85' lang='lat' dir='ltr'><strong>quod</strong></span> <span class='ocrx_word' id='word_1_245' title='bbox 598 3635 729 3677; x_wconf 91' lang='lat' dir='ltr'><strong>non</strong></span> <span class='ocrx_word' id='word_1_246' title='bbox 759 3615 835 3678; x_wconf 76' lang='lat' dir='ltr'><strong>fit</strong></span> <span class='ocrx_word' id='word_1_247' title='bbox 862 3616 923 3679; x_wconf 85' lang='lat' dir='ltr'><strong>id</strong></span> <span class='ocrx_word' id='word_1_248' title='bbox 966 3612 1097 3705; x_wconf 66' lang='lat' dir='ltr'><strong>effe</strong></span> <span class='ocrx_word' id='word_1_249' title='bbox 1134 3616 1309 3703; x_wconf 89' lang='lat' dir='ltr'><strong>quod</strong></span> <span class='ocrx_word' id='word_1_250' title='bbox 1335 3639 1474 3681; x_wconf 89' lang='lat' dir='ltr'><strong>non</strong></span> <span class='ocrx_word' id='word_1_251' title='bbox 1503 3618 1611 3680; x_wconf 85' lang='lat' dir='ltr'><strong>fit:</strong></span> <span class='ocrx_word' id='word_1_252' title='bbox 1658 3632 1947 3701; x_wconf 89' lang='lat' dir='ltr'><strong>quorum</strong></span> <span class='ocrx_word' id='word_1_253' title='bbox 1974 3608 2140 3674; x_wconf 87' lang='lat' dir='ltr'><strong>nihil</strong></span> <span class='ocrx_word' id='word_1_254' title='bbox 2170 3626 2370 3671; x_wconf 87' lang='lat' dir='ltr'><strong>accu-</strong></span> 
     </span>
     <span class='ocr_line' id='line_1_33' title="bbox 285 3713 2369 3802; baseline -0.004 -19"><span class='ocrx_word' id='word_1_255' title='bbox 285 3729 436 3783; x_wconf 84' lang='lat' dir='ltr'><strong>rate</strong></span> <span class='ocrx_word' id='word_1_256' title='bbox 479 3713 783 3782; x_wconf 85' lang='lat' dir='ltr'><strong>dicimus.</strong></span> <span class='ocrx_word' id='word_1_257' title='bbox 856 3715 942 3780; x_wconf 85' lang='lat' dir='ltr'><strong>de</strong></span> <span class='ocrx_word' id='word_1_258' title='bbox 989 3717 1367 3782; x_wconf 81' lang='lat' dir='ltr'><strong>his‘autem</strong></span> <span class='ocrx_word' id='word_1_259' title='bbox 1422 3715 1695 3784; x_wconf 79' lang='lat' dir='ltr'><strong>forfitan</strong></span> <span class='ocrx_word' id='word_1_260' title='bbox 1739 3732 2056 3802; x_wconf 79' lang='lat' dir='ltr'><strong>praesens</strong></span> <span class='ocrx_word' id='word_1_261' title='bbox 2102 3720 2369 3797; x_wconf 76' lang='lat' dir='ltr'><strong>tempus</strong></span> 
     </span>
     <span class='ocr_line' id='line_1_34' title="bbox 286 3817 2028 3907; baseline -0.007 -19"><span class='ocrx_word' id='word_1_262' title='bbox 286 3817 469 3888; x_wconf 81' lang='lat' dir='ltr'><strong>haud</strong></span> <span class='ocrx_word' id='word_1_263' title='bbox 504 3833 967 3907; x_wconf 83' lang='lat' dir='ltr'><strong>opportunum</strong></span> <span class='ocrx_word' id='word_1_264' title='bbox 1002 3817 1214 3884; x_wconf 80' lang='lat' dir='ltr'><strong>fuerit</strong></span> <span class='ocrx_word' id='word_1_265' title='bbox 1253 3818 1633 3905; x_wconf 76' lang='lat' dir='ltr'><strong>diligentius</strong></span> <span class='ocrx_word' id='word_1_266' title='bbox 1668 3834 2028 3903; x_wconf 86' lang='lat' dir='ltr'><strong>exponere.</strong></span> 
     </span>
    </p>

    <p class='ocr_par' dir='ltr' id='par_1_3' title="bbox 289 3916 2376 4214">
     <span class='ocr_line' id='line_1_35' title="bbox 460 3916 2376 4010; baseline -0.003 -23"><span class='ocrx_word' id='word_1_267' title='bbox 460 3924 764 4010; x_wconf 78' lang='lat' dir='ltr'><strong>Tempus</strong></span> <span class='ocrx_word' id='word_1_268' title='bbox 798 3921 1006 4007; x_wconf 84' lang='lat' dir='ltr'><strong>igitur</strong></span> <span class='ocrx_word' id='word_1_269' title='bbox 1035 3943 1173 3987; x_wconf 87' lang='lat' dir='ltr'><strong>una</strong></span> <span class='ocrx_word' id='word_1_270' title='bbox 1209 3943 1363 3987; x_wconf 89' lang='lat' dir='ltr'><strong>cum</strong></span> <span class='ocrx_word' id='word_1_271' title='bbox 1401 3921 1595 3987; x_wconf 88' lang='lat' dir='ltr'><strong>caelo</strong></span> <span class='ocrx_word' id='word_1_272' title='bbox 1622 3917 1874 3982; x_wconf 80' lang='lat' dir='ltr'><strong>factum</strong></span> <span class='ocrx_word' id='word_1_273' title='bbox 1905 3917 2023 4001; x_wconf 87' lang='lat' dir='ltr'><strong>est,</strong></span> <span class='ocrx_word' id='word_1_274' title='bbox 2066 3925 2146 3979; x_wconf 81' lang='lat' dir='ltr'><strong>ut</strong></span> <span class='ocrx_word' id='word_1_275' title='bbox 2181 3916 2376 3981; x_wconf 86' lang='lat' dir='ltr'><strong>fimul</strong></span> 
     </span>
     <span class='ocr_line' id='line_1_36' title="bbox 289 4018 2372 4107; baseline -0.004 -18"><span class='ocrx_word' id='word_1_276' title='bbox 289 4033 442 4089; x_wconf 77' lang='lat' dir='ltr'><strong>olta</strong></span> <span class='ocrx_word' id='word_1_277' title='bbox 480 4024 669 4088; x_wconf 84' lang='lat' dir='ltr'><strong>fimul</strong></span> <span class='ocrx_word' id='word_1_278' title='bbox 705 4025 907 4091; x_wconf 85' lang='lat' dir='ltr'><strong>etiam</strong></span> <span class='ocrx_word' id='word_1_279' title='bbox 940 4024 1427 4105; x_wconf 85' lang='lat' dir='ltr'><strong>dissolvantur,</strong></span> <span class='ocrx_word' id='word_1_280' title='bbox 1474 4024 1516 4087; x_wconf 82' lang='lat' dir='ltr'>fi</span> <span class='ocrx_word' id='word_1_281' title='bbox 1544 4018 1816 4107; x_wconf 86' lang='lat' dir='ltr'><strong>quando</strong></span> <span class='ocrx_word' id='word_1_282' title='bbox 1861 4041 2094 4085; x_wconf 87' lang='lat' dir='ltr'><strong>eorum</strong></span> <span class='ocrx_word' id='word_1_283' title='bbox 2135 4018 2372 4084; x_wconf 73' lang='lat' dir='ltr'><strong>solutio</strong></span> 
     </span>
     <span class='ocr_line' id='line_1_37' title="bbox 292 4125 2409 4214; baseline -0.004 -23"><span class='ocrx_word' id='word_1_284' title='bbox 292 4139 620 4194; x_wconf 80' lang='lat' dir='ltr'><strong>eventura</strong></span> <span class='ocrx_word' id='word_1_285' title='bbox 649 4128 745 4212; x_wconf 84' lang='lat' dir='ltr'><strong>fit,</strong></span> <span class='ocrx_word' id='word_1_286' title='bbox 779 4138 847 4193; x_wconf 85' lang='lat' dir='ltr'><strong>et</strong></span> <span class='ocrx_word' id='word_1_287' title='bbox 877 4125 962 4192; x_wconf 87' lang='lat' dir='ltr'><strong>ad</strong></span> <span class='ocrx_word' id='word_1_288' title='bbox 995 4126 1343 4214; x_wconf 84' lang='lat' dir='ltr'><strong>exemplar</strong></span> <span class='ocrx_word' id='word_1_289' title='bbox 1375 4135 1556 4193; x_wconf 78' lang='lat' dir='ltr'><strong>aetei</strong></span> <span class='ocrx_word' id='word_1_290' title='bbox 1558 4146 1684 4191; x_wconf 85' lang='lat' dir='ltr'><strong>nae</strong></span> <span class='ocrx_word' id='word_1_291' title='bbox 1714 4135 2020 4208; x_wconf 83' lang='lat' dir='ltr'><strong>naturae,</strong></span> <span class='ocrx_word' id='word_1_292' title='bbox 2061 4136 2150 4190; x_wconf 79' lang='lat' dir='ltr'><strong>ut</strong></span> <span class='ocrx_word' id='word_1_293' title='bbox 2169 4142 2409 4207; x_wconf 87' lang='lat' dir='ltr'><strong>quam</strong></span> 
     </span>
    </p>
   </div>
  </div>
 </body>
</html>
