2738 4600
1069 322 1579 405 TIMAEUS·
1927 314 1936 327 ’
2246 336 2371 403 145

204 502 211 506 ’
283 501 539 570 nullius
552 516 770 588 neque
793 496 933 564 vim
952 494 1381 565 'extrinsecus
1412 499 1822 586 relinquens,
1843 501 1966 568 >has
1995 501 2084 567 ob
2104 506 2369 572 causant

256 608 261 613 ’
283 605 605 692 primum,
615 615 687 669 ut·
698 614 876 669 totus
892 597 1094 689 quam
1116 602 1417 667 maxime
1429 603 1735 668 animans
1755 605 2088 689 perfectus
2106 612 2265 674 effet
2277 631 2366 677 ex

278 702 593 805 perfectis
622 704 950 794 partibus,
982 705 1230 771 deinde
1244 717 1322 771 ut
1342 728 1519 772 unus
1552 710 1725 787 estet,
1742 708 1928 773 nulla
1964 722 2155 796 parte
2185 711 2366 777 unde

277 799 448 882 alius
487 807 817 876 eiusmodi
860 810 1253 896 gigneretur
1288 809 1551 889 relicta,
1600 811 1931 898 postremo
1960 823 2038 876 ut
2070 825 2136 878 et
2171 815 2370 880 sene-

275 913 480 978 ctutis
510 924 580 977 et
610 909 828 979 morbi
855 932 1097 1001 expers
1131 916 1306 994 effet,
1351 912 1777 1000 perspiciens,
1824 914 2043 980 calida
2075 928 2144 981 et
2170 915 2371 1004 frigi-
2409 945 2416 948 ’

276 1013 368 1080 da
412 1016 778 1102 omniaque
835 1035 1302 1102 quaecumque
1354 1016 1498 1080 vim
1563 1015 1815 1083 habent
1870 1017 2369 1104 vehementem,

275 1118 555 1230 corpori
573 1117 999 1187 circumiecta
1028 1121 1444 1185 extrinsecus
1458 1131 1527 1183 et
1548 1118 2052 1186 immoderate
2028 1140 2370 1205 mgruen-

274 1216 370 1284 tia
408 1216 630 1308 ipsum
675 1221 933 1290 solvere
964 1237 1033 1290 et
1072 1223 1330 1290 morbis
1361 1222 1841 1309 senectuteque
1871 1224 2182 1291 adductis
2216 1249 2372 1314 per.

272 1320 521 1388 niciem
560 1325 625 1389 ei
661 1325 924 1397 afferre.
982 1328 1159 1393 hanc
1191 1326 1398 1413 igitur
1426 1325 1513 1390 ob
1541 1327 1807 1395 causam
1849 1340 1917 1392 et
1954 1328 2121 1395 haee
2147 1351 2367 1416 repu-

269 1435 425 1492 tans
466 1429 802 1499 mundum
843 1431 937 1495 ita
979 1429 1346 1495 fabricatus
1385 1429 1473 1492 est
1501 1439 1578 1492 ut
1607 1449 1825 1497 unum
1865 1441 2091 1497 totum
2133 1432 2371 1520 perfe-

268 1540 463 1594 ctum
497 1548 591 1594 ex
621 1531 942 1596 omnibus
965 1532 1120 1597 totis
1162 1527 1480 1618 perfectis
1511 1541 1578 1594 et
1605 1530 1860 1596 morbo
1887 1533 2206 1618 senioque
2248 1558 2369 1601 ca-

194 1619 209 1642 ‘
266 1643 541 1727 rentem
588 1629 901 1699 efficeret.
988 1633 1077 1701 Et
1117 1634 1431 1700 formam
1443 1655 1713 1718 quoque
1752 1634 1815 1699 ei
1841 1636 2026 1699 dedit
2051 1638 2369 1703 decoram

269 1745 344 1798 et
370 1740 744 1818 cognatam.
791 1758 831 1801 a
857 1758 990 1820 quo
1016 1739 1194 1803 enim
1227 1738 1578 1803 animante
1608 1752 1846 1798 omnes
1874 1738 2175 1819 reliquos
2199 1759 2370 1803 con-
2421 1736 2429 1747 ’

268 1834 480 1902 tineri
525 1836 731 1903 vellet
777 1840 1195 1915 animante-e,
1258 1839 1444 1903 hunc
1486 1859 1567 1901 ea
1606 1836 1829 1901 forma
1862 1835 2186 1923 figuravit
2232 1861 2371 1925 qua
2469 1884 2474 1887 .

264 1960 512 2007 omnes
553 1939 1150 2026 reliquaesormae
1205 1939 1729 2019 concluduntur.
1780 1939 2098 2026 quocirca
2127 1942 2372 2026 globo·-

266 2043 423 2107 sum
449 2053 518 2106 et
540 2042 992 2109 orbiculatum
1023 2066 1178 2110 eum
1208 2040 1529 2117 tornavit,
1559 2039 1649 2106 ita
1680 2052 1756 2105 ut
1788 2064 1828 2106 a
1860 2041 2086 2111 medio
2116 2066 2369 2129 usque-

259 2131 547 2231 ‘quaque
586 2157 890 2211 extrema
941 2146 1304 2233 aequaliter
1342 2143 1580 2219 abfi‘nt,
1623 2163 1793 2227 quae
1835 2143 2110 2228 quidem
2143 2144 2368 2214 forma

267 2246 582 2314 omnium
611 2246 1078 2336 perfectiffirna
1108 2250 1354 2336 fibique
1381 2246 1516 2335 ipsa
1534 2246 1903 2318 fimillima3
1947 2246 2367 2317 existimabat

268 2350 458 2416 enim
507 2352 704 2437 longe
746 2351 1298 2439 praestantiorem
1345 2347 1850 2416 similitudinem
1880 2348 2369 2416 disfimilitudi..

263 2475 377 2520 ne.
464 2453 776 2520 Levitate
803 2466 1034 2524 autem
1074 2455 1516 2522 circumcirca
1546 2462 1769 2514 totum
1801 2451 2208 2520 extrinsecus
2234 2476 2370 2518 ex-

272 2556 578 2638 ornavit,
622 2557 853 2622 multis
876 2558 961 2622 de
990 2558 1230 2635 caufis;
1293 2577 1419 2620 nec
1453 2553 1632 2619 enim
1682 2552 1891 2617 oculis
1936 2552 2172 2638 egebat
2212 2555 2367 2640 (ni-

267 2655 370 2723 hil
406 2656 592 2723 enim
626 2671 820 2740 extra
847 2659 1024 2744 quod
1060 2658 1241 2724 cerni
1271 2658 1496 2747 poss'et.
1514 2656 1824 2720 relictum
1859 2661 2029 2734 erat)
2075 2679 2199 2721 nec
2232 2680 2365 2724 au-

265 2758 465 2826 ribus
507 2759 721 2844 (quia
764 2783 850 2824 ne
895 2762 1076 2848 quod
1118 2761 1473 2826 audiretur
1503 2757 1855 2842 quidem),
1897 2779 2124 2843 neque
2168 2771 2366 2826 erant

268 2863 431 2930 nere
462 2860 865 2928 circumfusa
894 2875 1206 2927 extrema
1235 2859 1476 2925 mundi
1495 2871 1571 2924 ut
1600 2860 2108 2945 respirationem
2131 2864 2365 2951 requi-

269 2977 494 3046 τευθὶς
538 2987 763 3047 neque
795 2987 956 3030 vero
980 2965 1430 3032 instrumento
1456 2960 1683 3049 aliquo
1707 2962 2053 3050 indigebat
2082 2985 2218 3049 quo
2235 2965 2366 3031 ali-

270 3079 501 3135 menta
543 3068 839 3143 sumeret
882 3064 1210 3152 priusque
1247 3064 1553 3130 confecta
1590 3075 1658 3128 et
1696 3065 2094 3153 consumpta
2133 3070 2365 3136 rursus

270 3170 655 3251 ,emitteret3
698 3169 1065 3234 decedebat
1092 3171 1270 3234 enim
1298 3168 1474 3233 nihil
1502 3189 1725 3253 neque
1749 3168 2116 3233 accedebat
2146 3169 2206 3234 ei
2237 3170 2369 3236 ali-

272 3272 437 3360 quid
470 3269 821 3348 alicund03
866 3293 1089 3356 neque
1121 3270 1304 3335 enim
1340 3281 1519 3346 erat3
1567 3293 1744 3335 uam¹
1766 3270 2117 3354 artificiose
2139 3271 2230 3336 ita
2262 3272 2369 3336 fa·-

272 3386 460 3441 ctum
500 3387 647 3440 erat
691 3387 769 3439 ut
806 3374 921 3442 fibi
959 3375 1099 3462 ipse
1137 3374 1540 3440 alimentum
1572 3373 1922 3461 praeberet
1951 3395 2086 3458 quo
2120 3374 2374 3437 consu-,-

270 3488 580 3543 meretur
614 3477 979 3563 omniaque
1003 3463 1143 3565 ipse
1173 3475 1246 3542 in
1275 3475 1337 3538 se
1380 3485 1445 3540 et
1486 3496 1525 3538 a
1562 3477 1625 3539 se
1659 3485 1725 3540 et
1763 3487 2113 3563 pateretur
2157 3486 2230 3539 et
2258 3471 2367 3539 fa-

270 3591 497 3668 cerem
545 3578 1004 3644 arbitrabatur
1046 3579 1229 3643 enim
1263 3578 1379 3662 qui
1420 3600 1577 3641 eum
1624 3575 1927 3641 condidit
1964 3574 2204 3640 melius
2252 3574 2368 3640 fo·-

269 3706 346 3750 re
377 3683 422 3747 fi
455 3693 636 3748 totus
669 3703 751 3746 ex
781 3683 846 3745 se
871 3693 1073 3770 aptus
1101 3686 1260 3760 estet
1286 3680 1606 3752 mancine,
1636 3699 1842 3762 quam
1875 3676 1918 3739 fi
1948 3675 2094 3743 aliis
2121 3689 2366 3762 egeret.

270 3808 515 3852 manue
562 3796 830 3864 autem,
876 3785 1126 3874 qnippe
1174 3779 1422 3867 quibus
1471 3802 1693 3863 neque
1735 3777 2148 3865 capiendum*
2179 3779 2365 3865 quic.

272 3910 501 3975 quam
525 3900 672 3953 erat
717 3910 936 3972 neque
984 3884 1488 3975 repellendum,
1540 3883 1782 3947 frustra
1828 3879 1889 3942 ei
1919 3901 2059 3945 non
2084 3883 2367 3968 putabat

271 3990 629 4090 affigendas
676 3994 843 4060 effe·
909 4011 1034 4054 nec
1075 3988 1274 4075 pedes
1305 4008 1430 4049 uec
1472 3984 1753 4048 omnino
1786 3980 2204 4070 ingrediendi
2238 3987 2366 4051 ad-

272 4093 1028 4189 miniculum.motu1n
1066 4091 1246 4155 enim
1282 4087 1467 4152 caelo
1511 4084 1695 4178 dedit
1723 4084 1866 4155 eius
1894 4083 2169 4173 corpori
2196 4106 2367 4149 con-

363 4200 536 4261 Tom.
588 4195 672 4260 V.
1876 4184 1948 4258 K
