2738 4600
1111 334 1611 410 T1MAEus.
2285 339 2410 432 269

328 540 452 590 nes
479 520 792 582 contente
817 508 1280 596 aggrediatur,
1309 532 1550 596 corpus
1575 509 2015 595 liquefacere,
2053 511 2409 578 docentem

328 642 539 710 porro
592 630 659 683 et
706 616 1142 680 altercantem
1194 612 1460 700 publice
1498 625 1564 678 et
1604 614 1958 701 privatim,
2011 617 2159 681 lites
2198 638 2410 703 quum

330 724 735 792 exoriantur
783 729 851 782 et
889 716 1388 807 contentiones,
1447 715 1794 781 fervidum
1845 740 2087 804 corpus
2127 722 2412 796 red-dere

327 841 392 894 et
417 830 692 891 solvere.
727 833 793 886 et
825 819 1156 885 fluxiones
1189 818 1596 885 inferentem
1626 819 1957 909 plurimos
1984 822 2410 888 medicorum

328 932 446 1016 qui
516 927 830 992 dicuntur
892 922 1060 986 adeo
1118 920 1351 987 fallere
1398 935 1475 988 ut
1514 924 1863 989 contrariis
1905 926 2172 1015 causam
2209 924 2412 989 attri-

328 1035 578 1102 buantt.
623 1040 853 1094 contra
877 1028 923 1092 s1
953 1047 1195 1113 corpus
1234 1025 1466 1112 ingens
1508 1025 1847 1112 nimisque
1887 1029 2084 1115 segne
2121 1029 2411 1115 copula-

329 1149 476 1202 tum
516 1131 724 1198 fuerit
754 1152 909 1194 cum
944 1130 1175 1216 pusilla
1203 1140 1269 1192 et
1308 1127 1649 1194 imbecilla
1682 1141 1939 1212 mente,
1984 1152 2196 1216 quum
2234 1130 2411 1194 duae

330 1237 721 1326 cupiditates
753 1246 994 1299 natura
1034 1231 1298 1295 homini
1343 1233 1569 1296 inlitae
1605 1235 1759 1310 fint,
1807 1255 1932 1319 per
1965 1254 2210 1320 corpus
2252 1234 2412 1318 qui-

327 1343 478 1409 dem
514 1336 855 1407 alimenti.
904 1356 1025 1421 per
1067 1332 1537 1428 divinisfimam
1572 1357 1739 1399 vero
1771 1335 1972 1400 nostri
2000 1347 2265 1423 partem
2301 1338 2410 1401 sa-

323 1444 650 1536 pientiae,
698 1435 1097 1525 potentioris
1129 1449 1414 1503 naturae
1455 1449 1677 1503 motus
1708 1439 2095 1523 superantes
2128 1439 2410 1526 remque

324 1550 513 1612 fuam
556 1550 908 1629 augentes,
951 1538 1257 1604 animum
1290 1563 1459 1604 vero
1491 1539 1807 1606 hebetem
1845 1551 1913 1604 et
1948 1540 2305 1628 indocilem
2340 1554 2412 1609 et

295 1651 805 1718 ·immemorem
870 1643 1223 1708 reddentes
1279 1641 1662 1710 maximum
1721 1643 2037 1708 morbum
2080 1645 2409 1711 inscitiam

334 1751 616 1819 efficere.
679 1768 815 1811 una
844 1746 1051 1833 igitur
1078 1745 1439 1810 amborum
1471 1746 1643 1810 salus
1679 1746 2059 1832 reperitur,
2105 1750 2150 1812 fi
2189 1770 2415 1834 neque

333 1855 637 1921 animum
666 1852 797 1915 fine
814 1872 1096 1936 corpore
1127 1853 1487 1922 moremus
1503 1870 1724 1933 neq-ue
1744 1872 1992 1937 eorpus
2009 1851 2143 1913 fine
2162 1851 2410 1931 animo,

307 1972 410 2030 ‚ut
455 1953 926 2033 contendentia
970 1953 1260 2017 evadant
1312 1950 1618 2037 aequalia
1658 1941 1839 2016 inter
1882 1954 1946 2015 fe
1991 1963 2192 2037 atque
2227 1955 2412 2019 sana.

334 2061 797 2127 doctrinarum
839 2056 1042 2141 igitur
1092 2054 1456 2121 studiosum
1503 2054 1612 2119 vel
1659 2054 1731 2122 in
1761 2054 1886 2118 alia
1916 2055 2229 2142 quapiam
2262 2079 2413 2121 me-

336 2165 656 2231 ditatione
703 2159 1081 2248 mentisque
1136 2157 1615 2223 exercitatione
1664 2160 2041 2224 versantem
2108 2160 2414 2245 corporis

334 2287 609 2353 quoque
639 2262 1005 2330 motionem
1042 2261 1405 2348 adiungere
1429 2271 1730 2349 oportet,
1776 2259 2251 2350 gymnasticam
2283 2273 2413 2328 tra-

253 2417 260 2423 ·
330 2383 625 2439 ctantem
637 2421 659 2451 ,
703 2391 860 2432 eum
888 2376 1123 2430 contra
1152 2365 1270 2454 qui
1295 2386 1541 2451 corpus
1575 2364 2024 2452 sedulofingit
2049 2376 2118 2430 et
2143 2366 2412 2440 excolit,

333 2470 540 2538 animi
576 2470 941 2557 adiungere
970 2479 1238 2557 oportet
1270 2463 1643 2548 motiones,
1688 2469 1930 2532 musica
1967 2465 2416 2553 universaque

333 2572 751 2662 philosophia
781 2582 1120 2653 utentem,
1159 2571 1203 2633 fi
1225 2568 1377 2633 iure
1408 2569 1557 2655 quis
1587 2568 1886 2635 voluerit
1917 2571 2112 2634 fimul
2135 2570 2414 2655 pulcher

245 2736 252 2741 ,
332 2677 661 2759 simulque
713 2696 876 2737 vere
916 2675 1128 2737 bonus
1175 2670 1524 2759 appellari.
1626 2671 1883 2736 Eadem
1923 2693 2092 2736 vero
2133 2672 2260 2738 hae
2293 2696 2415 2738 ra-

333 2778 515 2843 tione
544 2777 742 2841 etiam
775 2786 1001 2863 partes
1031 2774 1373 2839 curandae
1399 2773 1556 2838 sunt
1584 2773 1669 2838 ad
1700 2773 2138 2842 universitatis
2170 2777 2414 2865 speciei

330 2878 862 2948 similitudinem.
907 2877 1153 2942 etenim
1182 2896 1391 2961 quum
1427 2897 1672 2964 corpus
1720 2878 1805 2946 ab
1847 2878 1928 2945 iis
1980 2900 2155 2966 quae
2179 2880 2414 2969 ingre-

332 2984 619 3050 diuntur
654 2993 895 3046 uratur
927 2979 1112 3045 intus
1153 2989 1223 3043 et
1264 2977 1750 3064 refrigeretur,
1796 2983 2160 3071 rursusque
2203 3007 2244 3050 a
2295 3008 2414 3051 re-

331 3089 459 3155 bus
488 3085 785 3152 externis
816 3082 1182 3159 exficcetur
1213 3093 1279 3145 et
1308 3082 1764 3166 humectetur,
1809 3107 2023 3170 eaque
2050 3109 2222 3172 quae
2251 3110 2412 3153 cum

330 3193 440 3260 his
500 3192 860 3256 coniuncta
915 3188 1070 3250 sunt
1127 3185 1426 3275 patiatur
1484 3185 1569 3250 ab
1624 3185 1929 3274 utrisque
1973 3190 2412 3272 motionibus,

334 3294 602 3383 quando
632 3294 782 3379 quis
812 3290 1150 3374 quiescens
1179 3309 1428 3374 corpus
1465 3286 1672 3352 tradit
1709 3289 2120 3356 motionibus
2140 3338 2160 3370 ,
2204 3293 2412 3379 supe-

332 3410 559 3464 ratum
598 3397 810 3483 perit,
859 3391 1123 3477 quando
1168 3411 1336 3454 vero
1378 3411 1584 3476 quam
1619 3389 1922 3457 altricem
1966 3405 2032 3457 et
2075 3393 2413 3459 nutricem

334 3497 628 3564 universi
652 3495 913 3584 appella
924 3493 1145 3566 vimus
1172 3491 1484 3556 imitatur
1510 3492 1845 3580 quispiam
1864 3540 1882 3567 ‚
1916 3505 1985 3558 et
2009 3517 2248 3582 corpus
2271 3517 2412 3560 om.

334 3599 499 3667 nino
519 3608 891 3684 numquam
924 3597 1255 3684 quiescere
1287 3594 1463 3676 finit,
1483 3594 1593 3660 sed
1625 3607 1851 3660 movet
1871 3606 1939 3659 et
1961 3597 2412 3663 concussiones

332 3707 600 3792 semper
619 3700 876 3786 aliquas
892 3700 951 3763 ei
969 3697 1277 3764 iniiciens
1295 3719 1774 3785 usquequaque
1812 3696 2171 3764 interiores
2197 3709 2267 3763 et
2286 3722 2413 3765 ex-

334 3807 615 3872 teriores
635 3801 903 3891 repellit
922 3801 1281 3867 secundum
1300 3812 1619 3866 naturam
1638 3801 1995 3891 motiones,
2014 3800 2414 3892 modiceque

334 3906 719 3975 concutiens
734 3903 1122 3970 affectiones
1148 3904 1217 3967 in
1234 3925 1521 3989 corpore
1553 3916 1869 3990 vagantes
1896 3903 2176 3993 eiusque
2189 3920 2413 3994 partes

333 4031 460 4099 pro
486 4007 879 4094 cognatione
904 4005 976 4071 in
1009 4005 1319 4071 ordinem
1353 4003 1626 4071 adducit
1650 4010 1828 4071 inter
1853 4008 1954 4093 se,
1986 4029 2073 4073 ex
2100 4030 2181 4073 ea
2206 4031 2413 4093 quam

335 4112 535 4199 supra
574 4109 658 4176 de
695 4108 1012 4176 universo
1064 4106 1549 4196 explicavimus
1591 4108 1930 4191 oratione,
1990 4133 2134 4178 non
2174 4111 2411 4178 inimi-
