2738 4600
1088 276 1600 380 TIMAEUS.
2253 339 2370 404 171

1691 444 1698 449 -
2112 421 2132 462 ι

289 475 393 549 dii
430 476 970 568 praestantiorem
1025 480 1373 569 magisque
1407 483 1493 551 ad
1540 483 2019 570 imperandum
2048 487 2378 557 idoneam

293 586 748 650 existimantes
776 586 875 650 ita
906 585 1578 674 maximeingress‘um
1597 588 1790 652 nobis
1809 588 2157 677 dederunt.
2178 615 2377 681 opor·

288 689 472 753 tebat
501 702 728 753 autem
762 688 1131 754 distinctam
1155 689 1409 757 habere
1439 703 1640 774 atque
1669 691 2042 757 dissimilem
2076 694 2380 769 anterio-

288 813 437 860 rem
471 791 784 880 corporis
819 805 1077 878 partem
1106 792 1472 862 hominem.
1508 796 1817 880 quocirca
1845 794 2139 883 primum
2169 798 2241 862 in
2260 820 2380 863 ca·-

291 893 463 980 pitis
515 896 949 980 complexum
974 947 991 977 ,
1036 896 1144 961 oui
1178 895 1415 962 faciem
1446 888 1903 977 subiecerunt,
1946 898 2378 966 instrumenta

287 994 635 1078 illigarunt
666 1018 838 1081 quae
877 999 1226 1066 universae
1265 1000 1470 1066 animi
1505 1002 1973 1088 providentiae
2014 1002 2376 1083 servirent,

277 1111 361 1161 ‚et
390 1100 864 1167 constituerunt
893 1116 966 1169 ut
1005 1104 1341 1190 particeps
1368 1107 1522 1168 eflet
1553 1102 1972 1190 principatus
2007 1105 2171 1170 haec
2199 1127 2378 1192 pam,

286 1212 536 1266 natura
566 1206 888 1269 anterior.
934 1228 1018 1269 ex
1046 1205 1504 1271 instrumentis
1536 1218 1764 1272 autem
1808 1209 2109 1295 primum
2137 1208 2384 1273 lucite-

288 1325 407 1367 ros
450 1304 757 1371 fabricati
819 1309 970 1371 sunt
1029 1307 1293 1384 oculoS,
1352 1307 1532 1373 hanc
1577 1306 1667 1370 ob
1713 1312 1977 1375 causam
2025 1311 2377 1398 illigantes.

283 1403 462 1492 ignis
508 1409 652 1473 eius
702 1407 817 1493 qui
865 1430 1002 1472 non
1033 1410 1297 1490 ureretj
1338 1410 1448 1473 sed
1494 1411 1721 1476 mitem
1756 1413 2108 1498 praeberet
2134 1416 2382 1494 lucem,

286 1508 624 1594 cuiusque
652 1510 786 1573 diei
820 1510 1165 1596 propriam
1185 1558 1204 1591 ‚
1249 1532 1495 1598 corpus
1526 1524 1600 1574 ut
1629 1514 1956 1579 exsisteret
1984 1514 2377 1585 effecerunt.

285 1613 590 1675 nostrum
623 1612 801 1676 enim
847 1612 1237 1679 interiorem
1272 1613 1496 1698 ignem
1524 1617 1887 1688 sincerum,
1935 1616 2094 1681 huic
2127 1640 2382 1705 cogna-
2416 1660 2426 1686 ι

290 1722 485 1788 tum,
545 1736 670 1798 per
715 1716 936 1780 oculos
984 1717 1308 1781 fluentem
1355 1716 1662 1799 fecerunt
1700 1719 1923 1783 lenem
1968 1731 2031 1783 et
2071 1718 2379 1801 densum,

291 1814 599 1878 maxime
643 1816 862 1883 media
883 1820 1068 1883 'oculi
1109 1831 1302 1905 parte
1331 1831 1696 1903 compacta,
1740 1831 1820 1882 ut
1845 1821 2186 1906 reliquum
2227 1821 2384 1905 qui-

301 1917 460 1983 dem
499 1920 875 1986 craffiorem
929 1923 1306 1987 contineret
1335 1942 1645 1999 omnem,
1690 1921 1872 1986 hunc
1906 1935 2133 1988 autem
2163 1922 2383 1988 solum

294 2041 544 2105 purum
583 2021 1106 2088 transfunderet.
1153 2047 1360 2109 quum
1397 2022 1602 2109 igitur
1629 2024 1872 2089 diurna
1897 2026 2016 2088 lux
2046 2025 2218 2090 visus
2242 2024 2384 2093 flu·-

189 2119 197 2123 ’
293 2122 575 2193 xionem
606 2125 1010 2201 circumdat,
1057 2139 1199 2193 tum
1227 2125 1455 2189 ‘fimile
1483 2126 1566 2189 ad
1602 2126 1808 2190 fimile
1838 2149 2156 2195 emanans
2189 2150 2382 2193 com-
2426 2112 2432 2126 ⁴

295 2225 610 2311 pactione
642 2251 850 2293 unum
877 2252 1121 2318 corpus
1154 2231 1584 2294 coniunctum
1639 2227 1977 2294 conflatur
2012 2229 2380 2294 seeundum

298 2331 651 2394 oculorum
701 2330 1130 2397 directionem
1152 2378 1172 2406 ‚
1218 2332 1622 2415 ubicumque
1662 2345 2078 2397 concurrunt
2109 2333 2289 2397 inter
2312 2333 2385 2394 se

297 2429 366 2496 id
403 2435 579 2518 quod
608 2433 790 2498 intus
834 2433 1072 2502 incidit
1117 2446 1183 2497 et
1229 2447 1593 2499 externum
1638 2434 1819 2518 quod
1870 2432 2105 2497 affluit.
2152 2432 2382 2497 fimili-

296 2544 408 2598 ter
454 2534 658 2619 igitur
700 2547 982 2622 propter
1020 2535 1541 2610 fimilitudinem
1594 2534 1751 2618 quia
1798 2545 2017 2598 totum
2069 2532 2381 2610 afficitur,

302 2658 535 2700 eorum
581 2660 750 2720 quae
787 2635 1004 2722 ipsum
1053 2660 1375 2721 umquam
1411 2634 1675 2719 attingit
1722 2635 1829 2700 vel
1874 2657 2050 2719 quae
2077 2636 2242 2702 illud
2273 2647 2383 2700 at-

297 2738 576 2823 tingunt
612 2751 836 2803 motus
873 2736 1347 2804 transfundens
1379 2736 1450 2802 in
1479 2737 1869 2803 universum
1896 2760 2139 2828 corpus
2169 2759 2381 2823 usque

300 2843 383 2907 ad
430 2842 732 2920 animum
776 2842 1034 2928 sensum
1081 2840 1354 2905 exhibet
1393 2863 1549 2903 eum
1575 2862 1705 2924 quo
1739 2864 2016 2908 cernere
2051 2864 2177 2906 nos
2210 2840 2380 2906 dici-

299 2967 472 3011 mus.
521 2945 813 3028 ubivero
854 2943 1021 3030 ignis
1063 2955 1381 3028 cognatus
1413 2942 1695 3013 disceffit
1722 2944 1798 3009 in
1827 2929 2125 3024 noctem,
2157 2943 2382 3010 inter·-

301 3047 638 3124 cluditur3
700 3069 853 3112 nam
911 3046 993 3110 ad
1060 3046 1365 3110 disfimile
1412 3044 1758 3131 egrediens
1809 3058 2114 3118 mutatur
2156 3043 2378 3131 ipsum

303 3163 508 3236 atque
554 3149 1018 3235 exstinguitur,
1074 3171 1284 3235 quum
1330 3149 1523 3212 nulla
1561 3147 1698 3213 iam
1732 3148 2121 3235 cognatione
2149 3137 2381 3213 aiireni

301 3253 763 3341 propinquum
790 3257 1071 3337 attingat
1102 3250 1353 3338 quippe
1384 3248 1558 3334 ignis
1594 3261 1970 3338 expertem.
2002 3247 2381 3330 definitigi-

302 3367 419 3420 tur
445 3379 717 3420 cernere
743 3357 1192 3440 somnumque
1222 3364 1571 3439 praeterea
1598 3351 1839 3432 allicit3
1886 3352 2162 3416 salutem
2196 3347 2379 3411 enim

305 3478 514 3543 quam
546 3458 637 3522 dii
674 3458 1026 3523 oculorum
1062 3454 1425 3524 machinati
1454 3457 1636 3531 sunt,
1680 3454 2157 3542 palpebrarum
2186 3457 2380 3511 natu-

304 3581 477 3634 ram,
504 3581 715 3650 quum
744 3560 875 3624 hae
905 3560 968 3622 se
997 3560 1431 3641 contrahunt,
1473 3558 1608 3623 vim
1639 3550 2177 3637 includuntignis
2202 3549 2379 3613 inte-

304 3660 544 3737 riori83
594 3659 760 3725 haec
790 3672 1012 3726 autem
1047 3659 1365 3728 diffundit
1410 3660 1726 3745 sedatque
1754 3656 2378 3733 interioresssmotuffi

191 3822 200 3838 ,
308 3765 552 3848 quibus
582 3763 858 3847 quidem
894 3762 1130 3826 sedatis
1158 3761 1603 3847 tianquillitas
1634 3759 1886 3837 exfistit,
1919 3766 1986 3820 et
2012 3754 2140 3821 hac
2169 3757 2380 3821 multa.

242 3919 249 3928 .
309 3877 456 3930 orta
485 3867 752 3930 somnus
782 3863 1017 3930 incidit
1048 3886 1178 3928 non
1211 3863 1503 3932 multum
1538 3858 1821 3942 agitatus
1851 3857 2220 3943 insomniis⁹
2264 3884 2380 3926 re-

154 3913 484 4081 actis
510 3992 677 4037 vero
709 3966 1111 4072 quibusdam
1144 3966 1439 4040 motibus
1464 3959 1862 4037 amictibus,
1901 3963 2132 4048 quales
2161 3962 2382 4052 quali-
